2962 4538
676 353 796 461 (16)

254 528 380 612 quodsi
415 529 492 609 quis
516 529 659 610 requirit
682 529 821 610 quinam
849 529 916 592 sint
949 525 1015 592 loci
1039 527 1261 608 scriptorum,

213 656 231 703 e
266 635 391 719 quibus
425 634 703 702 Immerwahrius
740 637 944 702 sententiam
978 653 1076 700 suam
1115 636 1261 717 petierit,

213 764 295 812 ecce
319 748 377 828 qui
401 745 492 827 apud
516 747 630 828 ipsum
654 743 858 812 afferuntur:

253 871 327 939 Nic.
351 870 451 937 Dam.
475 870 536 954 frg.
560 875 616 937 43.
660 870 756 938 Suid.
789 890 816 937 s.
839 890 871 936 v,
894 867 1045 935 Λυκάων.
1100 868 1192 934 Eust.
1216 869 1258 934 ad

211 979 246 1045 ll.
270 979 310 1046 B.
339 986 420 1047 608.
444 1000 477 1065 p.
497 986 579 1048 302.
622 981 736 1049 Tzetz.
759 981 840 1065 Lyc.
865 986 945 1047 481.
979 978 1258 1047 Pseudo-Hecat.

211 1091 303 1172 apud
326 1090 401 1157 Nat.
426 1089 528 1159 Com.
552 1090 605 1157 lX.
628 1096 660 1157 9.
699 1091 826 1174 Hygin.
851 1089 915 1157 lab.
936 1095 1014 1156 176.
1041 1087 1139 1156 Serv.
1154 1086 1258 1171 Verg.

211 1197 266 1264 Vl.
290 1204 346 1264 41.

253 1344 272 1391 e
306 1326 432 1409 quibus
468 1328 537 1392 duo
571 1329 679 1391 omitti
714 1340 860 1408 possunt
897 1327 976 1409 quia
1014 1328 1140 1391 ceteris
1178 1342 1260 1391 con-

212 1435 371 1500 tinentur.
389 1438 515 1501 etenim
531 1433 656 1501 Suidas
669 1437 854 1518 exscripsit
869 1434 1051 1500 Nicolaum
1065 1448 1097 1499 et
1111 1432 1260 1501 Tzetzen

212 1543 231 1608 l.
255 1543 276 1608 l.
300 1541 358 1609 ubi
392 1543 481 1610 duae
515 1543 617 1609 huius
649 1542 782 1610 fabulae
805 1541 932 1626 figurae
956 1556 1081 1623 extant,
1115 1560 1260 1626 quarum

212 1654 322 1736 prima
345 1671 436 1720 nunc
460 1653 678 1736 respicienda
701 1667 763 1735 est,
787 1652 874 1719 male
899 1654 1113 1719 contraxisse
1137 1650 1260 1717 biblio-

212 1761 344 1828 thecam
367 1760 557 1828 verborum
581 1775 770 1828 concentus
794 1763 904 1828 docet.

253 1886 624 1955 Pseudo-Hecataeum
648 1906 787 1972 quoque
804 1888 895 1970 apud
911 1886 1066 1953 Natalem
1084 1883 1259 1953 Comitem

212 1996 395 2079 neglegere
419 1995 469 2062 ias
493 2011 554 2063 est.

254 2120 383 2203 Hygini
418 2120 530 2187 fabula
564 2139 633 2187 non
658 2121 758 2204 plane
783 2124 944 2188 convenit
972 2140 1049 2187 cum
1073 2120 1180 2204 figura
1204 2119 1258 2186 illa

213 2228 401 2296 Hesiodea.
446 2228 539 2295 addit
562 2232 653 2295 enim
676 2228 793 2295 lovem
817 2229 968 2312 hospitio
992 2243 1170 2313 receptum
1193 2228 1260 2312 Ly·

211 2340 327 2404 caonis
364 2336 466 2403 filiam
510 2334 654 2405 Callisto
696 2341 950 2422 compressisse
988 2337 1257 2421 Lycaonemque

212 2449 245 2512 in
269 2445 340 2529 lupi
364 2444 506 2529 liguram
531 2459 695 2513 mutatum
719 2465 809 2529 esse,
837 2466 938 2530 quam
963 2446 1259 2530 metamorphosin

212 2554 488 2621 Immerwahrius
504 2555 600 2622 alteri
617 2554 750 2623 fabulae
767 2554 894 2639 figurae
911 2559 1068 2640 assignat.
1106 2556 1259 2623 hortatus

211 2663 351 2746 quidem
390 2677 442 2730 est
482 2662 759 2731 Immerwahrius
800 2665 905 2748 idque
942 2668 1127 2732 verissime
1168 2665 1260 2748 apud

213 2772 485 2856 mythographos
523 2776 728 2840 recentioris
765 2776 841 2841 aevi
879 2777 1097 2842 commisceri
1135 2777 1259 2840 omnia.

212 2882 306 2965 quod
329 2884 358 2948 si
381 2881 448 2949 hoc
471 2881 549 2949 loco
566 2882 691 2950 lactum
715 2886 768 2966 sit,
791 2885 958 2952 concedat
981 2901 1063 2966 ergo
1086 2884 1174 2949 adeo
1191 2897 1261 2948 tur-

211 2989 326 3057 batum
361 3009 440 3059 esse
473 3006 509 3057 ut
532 2995 729 3059 testimonio
754 2991 883 3076 Hygini
918 2995 952 3056 in
986 3009 1023 3056 re
1051 2991 1188 3071 ancipiti
1212 2992 1259 3054 uti

213 3118 282 3166 non
307 3104 496 3183 possimus.

253 3239 354 3309 atque
388 3227 479 3292 idem
514 3224 586 3292 fere
621 3225 748 3291 dictum
783 3238 857 3290 esto
881 3224 924 3290 de
947 3221 1071 3289 Servio
1095 3225 1152 3307 qui
1176 3224 1260 3291 haec

212 3332 330 3399 habet:

255 3457 391 3537 „lovem
425 3456 634 3541 Lycaonem,
671 3459 765 3542 quod
803 3462 834 3526 ei
871 3458 978 3525 lilium
1012 3478 1115 3526 suum
1153 3476 1260 3542 appo-

212 3569 340 3634 suisset
384 3565 606 3649 epulandum,
649 3569 763 3651 ipsum
808 3569 948 3653 quidem
994 3567 1137 3635 fulmine
1182 3585 1260 3650 per-

213 3678 376 3758 cussisse,
400 3674 525 3742 iecisse
548 3694 635 3743 vero
659 3675 837 3743 diluvium.
861 3726 868 3741 .
892 3679 920 3743 .“

255 3802 332 3850 nam
355 3781 461 3850 lilium
485 3784 639 3850 occisum
656 3783 932 3852 Immerwahrius
948 3799 1145 3869 postremae
1162 3789 1259 3852 aetati

213 3892 338 3958 tribuit.
