2978 4546
690 368 809 478 (89)

268 543 470 627 Neptunum
505 545 596 609 enim
632 555 752 609 notum
787 555 838 609 est
871 544 989 626 specie
1025 541 1147 626 Enipei
1180 540 1276 627 Tyro

227 653 421 736 decepisse,
444 670 488 719 ex
501 670 568 736 qua
591 653 783 735 procrearit
806 650 923 718 Pelian
948 664 980 717 et
996 650 1145 720 Neleum
1161 649 1276 734 (209),

226 761 368 828 Aloidas
390 779 477 829 vero
502 780 546 828 ex
569 759 758 844 Iphimedia
781 758 882 826 Aloei
906 762 1052 844 coniuge
1077 757 1192 843 (210).

266 869 602 954 Metamorphoseon
636 868 733 935 libris
766 867 840 934 Xlll
875 882 909 935 et
929 867 1008 934 XIV
1034 867 1113 935 licet
1146 871 1275 952 passim

226 993 345 1064 aperte
367 977 498 1062 Vergili
521 979 676 1045 Aeneida
700 992 866 1060 sequatur
889 991 1001 1061 poeta,
1035 991 1148 1045 tamen
1172 980 1276 1045 inter-

227 1089 308 1155 dum
333 1107 476 1173 operam
511 1089 567 1155 dat
599 1102 636 1154 ut
659 1090 889 1155 narrationem
913 1106 1011 1155 suam
1045 1086 1086 1154 ab
1110 1087 1275 1172 exemplo

225 1197 470 1282 aliquantulum
490 1199 662 1264 diversam
680 1197 810 1265 reddat.
842 1196 937 1263 velut
953 1216 1080 1264 nomen
1098 1195 1275 1280 Harpyiae

226 1304 404 1374 Celaenus
429 1306 531 1390 (211)
565 1309 739 1374 varietatis
773 1309 877 1390 gratia
902 1308 1073 1373 convertit
1106 1308 1139 1373 in
1163 1305 1275 1388 Aello,

225 1416 319 1497 quod
336 1434 465 1483 nomen
482 1414 661 1499 Harpyiae
679 1417 779 1482 etiam
797 1433 840 1482 ex
857 1414 1017 1481 Hesiodo
1035 1412 1137 1497 (212)
1155 1427 1274 1481 notum

225 1539 286 1592 est.
331 1544 453 1592 rursus
487 1527 589 1609 igitur
622 1524 918 1608 deprehendimus
946 1537 1083 1608 poetam
1118 1525 1162 1591 de
1186 1522 1276 1590 Har-

225 1637 315 1718 pyiis
339 1634 437 1701 solita
461 1634 614 1702 subsidia
639 1633 871 1701 evolventem.

267 1744 310 1809 ad
333 1742 441 1810 hosce
457 1742 793 1826 Metamorphoseon
817 1742 913 1808 locos
938 1744 1038 1825 pauci
1062 1742 1202 1826 quidem
1219 1741 1274 1807 alii

225 1851 389 1919 accedant
422 1870 466 1917 ex
499 1851 573 1918 aliis
596 1850 693 1917 libris
716 1853 821 1934 petiti,
856 1853 990 1933 primus
1019 1870 1062 1917 ex
1086 1849 1274 1918 Amoribus

227 1958 341 2043 (213),
365 1959 423 2027 ubi
447 1974 675 2027 recensentur
697 1959 845 2044 puellae,
868 1979 952 2044 quas
976 1958 1072 2026 lluvii
1097 1977 1276 2044 compres-

226 2083 355 2152 serunt,
389 2069 474 2136 alter
497 2088 540 2136 ex
564 2068 722 2137 Heroide
747 2068 822 2136 XIX
847 2067 962 2152 (214),
989 2068 1047 2135 ubi
1071 2087 1156 2153 quas
1180 2067 1274 2152 Nep-

226 2193 329 2246 tunus
352 2181 488 2260 amavit,
512 2193 759 2246 enumerantur
782 2178 981 2263 complures
1000 2177 1141 2263 quidem
1160 2176 1274 2261 (215),

221 2307 344 2356 verum
370 2307 439 2355 non
463 2307 597 2370 omnes,
620 2290 793 2372 siquidem
817 2291 927 2372 pergit
950 2285 1117 2356 Ovidius:

224 2471 274 2524 136
330 2479 358 2523 et
376 2485 496 2538 quarum
516 2473 635 2525 memini
654 2473 773 2525 nomina
792 2472 864 2525 lecta
882 2472 962 2525 mibi.

333 2554 385 2606 ltus
405 2564 483 2607 certe
501 2555 658 2622 pluresque
677 2562 791 2620 canunt,
810 2554 955 2621 Neptune,
972 2561 1074 2620 poetae

333 2637 422 2690 molle
441 2637 515 2690 latus
534 2637 613 2691 lateri
633 2638 837 2704 composuisse
855 2647 913 2692 tuo.

263 2805 417 2870 sentisne
452 2802 508 2869 hic
543 2806 658 2887 ipsum
684 2818 821 2888 poetam
856 2803 961 2888 loqui,
995 2822 1064 2871 non
1099 2807 1154 2870 cui
1188 2803 1273 2872 haec

224 2910 331 2979 verba
354 2910 553 2979 tribuuntur
575 2910 722 2980 Sestiam
746 2913 923 2998 puellam?

224 3082 273 3087 -—-
316 3083 320 3087 .
391 3084 395 3087 .
418 3083 431 3088 ..
443 3084 469 3088 ...
481 3084 497 3088 .-
512 3085 515 3088 >
552 3084 562 3090 .
572 3085 599 3089 .-
607 3085 614 3089 .
631 3084 640 3088 -.
653 3085 660 3089 .
668 3085 689 3089 ...
700 3084 817 3090 --....-.-...
825 3085 846 3090 ...
855 3085 860 3090 .
871 3085 884 3090 ,.
897 3085 905 3090 -
913 3084 980 3090 -..-.-
989 3083 1094 3091 -n-wo-
1102 3083 1272 3089 ..-ω-νο..--

253 3178 328 3245 (209)
348 3180 414 3234 bibl.
433 3179 528 3248 Apoll.
546 3181 564 3233 1.
583 3180 626 3233 90.

252 3262 327 3328 (210)
345 3264 411 3319 bibl.
430 3263 525 3332 Apoll.
543 3263 561 3316 1.
579 3266 622 3319 53.

253 3345 328 3411 (211)
346 3345 430 3413 Verg.
450 3347 519 3401 Aen.
539 3348 580 3401 111.
598 3349 661 3402 211.
679 3347 741 3401 245.
758 3350 821 3402 365.
840 3349 902 3403 713.

253 3427 328 3496 (212)
347 3428 417 3482 Hes.
434 3428 541 3498 Theog.
558 3431 620 3485 267.
651 3434 717 3487 bibl.
736 3432 829 3501 Apoll.
849 3433 867 3486 1.
889 3434 932 3487 10.

238 3511 327 3650 ,(1213)
346 3512 426 3566 1116.
438 3513 547 3581 23sqq.
571 3517 618 3568 ubi
637 3515 707 3570 ordo
726 3517 883 3572 litterarum
902 3533 960 3573 non
980 3532 1100 3586 prorsus
1118 3520 1273 3573 evanuisse

218 3612 245 3650 vt
268 3606 339 3651 etur.

250 3679 325 3830 (ἐξ)
344 3681 508 3833 (ἴγεῐξιὲᾗε
519 3763 594 3833 Tyro
607 3765 736 3835 Alcyone
746 3767 854 3836 Calyce
867 3769 989 3825 Medusa
999 3771 1123 3825 Laudice
1134 3770 1272 3824 Celaeno.

215 3846 331 3902 Metam.
349 3846 394 3902 v1.
416 3849 560 3903 115-120
587 3851 746 3905 innuuntur
768 3851 884 3907 Canace
905 3852 979 3922 Tyro
1002 3854 1160 3922 lphimedia
1180 3854 1272 3908 Theo·

215 3932 310 3998 phane
329 3930 421 3986 Ceres
439 3933 561 3988 Medusa
579 3933 734 3989 Melantho.
