2978 4546
680 361 799 469 (⁶⁰)

260 535 459 616 „Phaethon
475 534 567 602 Solis
591 548 623 602 et
639 532 832 618 Clymenes
848 531 937 599 lilius
955 552 1032 600 cum
1055 532 1140 599 clam
1162 534 1269 616 patris

217 664 358 713 currum
393 644 656 712 conscendisset
690 656 722 710 et
751 642 851 709 altius
874 661 892 708 a
916 657 1006 709 terra
1034 654 1127 709 esset
1149 640 1270 726 elatus,

217 755 448 839 praetimore
472 753 600 820 decidit
627 755 661 818 in
688 750 818 818 llumen
842 750 1040 817 Eridanum.
1084 747 1176 816 hunc
1205 747 1269 832 (sc.

218 860 420 944 Eridanum)
441 860 595 946 luppiter
616 880 695 928 cum
720 858 864 927 fulmine
888 860 1131 944 percussisset,
1154 860 1269 925 omnia

217 971 341 1037 ardere
375 983 576 1054 coeperunt.
620 968 712 1036 lovis
746 983 782 1035 ut
812 986 916 1035 omne
939 984 1049 1051 genus
1072 966 1268 1034 mortalium

217 1098 296 1147 cum
321 1097 442 1146 caussa
465 1076 688 1160 interficeret,
718 1076 891 1145 simulavit
914 1095 953 1143 se
982 1076 1016 1142 id
1043 1074 1133 1142 velle
1161 1077 1270 1142 extin-

217 1204 333 1271 guere.
368 1206 488 1255 amnes
505 1188 658 1271 undique
682 1188 833 1270 irrigavit
857 1203 1031 1269 omneque
1051 1201 1160 1268 genus
1177 1202 1271 1252 mor-

217 1295 333 1363 talium
358 1298 485 1364 interiit
512 1311 650 1381 praeter
678 1295 847 1379 Pyrrham
877 1309 909 1362 et
932 1293 1194 1362 Deucalionem.
1237 1307 1271 1359 at

217 1423 360 1472 sorores
377 1404 611 1488 Phaethontis,
630 1406 725 1489 quod
742 1423 852 1488 equos
876 1405 1010 1470 iniussu
1026 1404 1132 1487 patris
1149 1404 1271 1469 lunxe-

219 1527 302 1596 rant,
325 1516 359 1580 in
382 1513 527 1581 arbores
550 1513 702 1597 populos
726 1525 954 1580 commutatae
977 1513 1085 1579 sunt.“

258 1639 380 1706 verba:
416 1653 471 1718 ,ut
494 1657 598 1706 omne
621 1656 730 1723 genus
754 1673 792 1682 -
817 1639 1039 1721 extinguere“
1063 1637 1270 1703 damnantur

218 1750 351 1831 iniuria,
374 1750 511 1832 opinor,
534 1767 611 1814 nam
629 1750 730 1816 etiam
747 1746 932 1815 scholiasta
947 1743 1168 1813 Strozzianus
1184 1744 1270 1812 haec

217 1857 311 1940 legit,
345 1858 410 1923 nisi
444 1857 539 1940 quod
566 1859 600 1923 in
623 1855 766 1923 brevius
789 1857 972 1922 contraxit:
1008 1856 1123 1922 omnia
1145 1855 1270 1922 ardere

218 1966 379 2048 coepisse
403 1984 595 2049 caussaque
620 1964 655 2046 (1.
673 1984 702 2032 e.
722 1983 787 2048 per
809 1983 959 2046 causam,
981 1962 1062 2029 κατὰ
1084 1961 1268 2051 πρόφασιν)

218 2074 440 2156 extinguendi
463 2093 583 2141 amnes
607 2076 784 2141 immissos
808 2092 897 2141 esse.

261 2205 391 2288 Hygini
425 2204 573 2273 fabulam
602 2211 668 2272 154
702 2225 790 2290 quae
824 2209 988 2291 inscripta
1016 2219 1068 2274 est
1090 2204 1269 2273 Phaethon

218 2313 380 2396 Hesiodi,
403 2316 432 2381 si
456 2332 597 2382 errores
621 2317 800 2383 nominum
818 2314 921 2399 (126)
946 2317 1110 2398 corrigas,
1134 2315 1270 2382 conicio

216 2441 336 2490 veram
360 2425 545 2507 imaginem
570 2421 704 2491 fabulae
729 2422 930 2492 Hesiodeae
954 2422 1097 2492 relerre.
1132 2442 1210 2490 nam
1234 2437 1271 2490 ut

218 2533 399 2616 inscriptio
435 2531 568 2599 fabulae
602 2534 694 2617 apud
729 2533 907 2617 Hyginum
943 2533 1069 2600 nullius
1104 2533 1270 2600 momenti

215 2643 269 2722 sit,
292 2654 406 2707 tamen
424 2659 620 2708 consensus
637 2661 715 2709 cum
741 2640 834 2709 lonte
858 2640 1144 2725 mythographico
1162 2638 1272 2708 Ovidi

216 2751 368 2816 ostendit
395 2748 483 2816 hanc
511 2749 658 2818 fabulam
687 2751 864 2836 vulgarem
894 2751 1012 2820 luisse.
1057 2750 1169 2818 labula
1194 2749 1272 2816 vul-

216 2859 306 2940 garis
329 2870 443 2924 autem
468 2859 614 2926 dissidet
636 2859 678 2926 ab
703 2860 904 2943 Euripidea,
937 2859 994 2926 ubi
1023 2860 1112 2926 duae
1135 2856 1270 2925 fabulae

215 2966 259 3032 de
283 2964 421 3034 duobus
445 2964 729 3050 Phaethontibus,
753 2980 788 3033 ut
811 2969 961 3034 ostendit
984 2966 1270 3034 Wilamowitzius

217 3073 331 3157 (127),
355 3077 389 3142 in
406 3094 513 3142 unum
532 3076 744 3143 coaluerunt.
774 3089 806 3143 at
821 3076 1006 3160 Meropem
1025 3073 1127 3157 (128)
1152 3075 1272 3142 credat

215 3183 338 3267 aliquis
368 3183 410 3250 ab
438 3183 604 3268 Euripide
634 3187 811 3251 inventum
841 3204 920 3252 esse
948 3182 1063 3268 (129).
1107 3202 1170 3250 cur
1198 3195 1270 3248 tan·

249 3480 324 3547 (126)
342 3447 476 3548 Clymeni
496 3480 573 3534 Solis
592 3480 668 3534 lilius
687 3487 716 3534 et
733 3480 869 3549 Meropes
888 3483 1032 3550 nymphae
1051 3483 1135 3536 lilius.

250 3569 326 3637 (127)
346 3570 444 3624 Herm.
467 3570 536 3624 1883
557 3584 585 3637 p.
601 3570 655 3624 396
667 3586 730 3639 sqq.

249 3662 325 3729 (128)
343 3661 528 3717 Wilamowitz
547 3663 646 3717 Herm.
667 3663 737 3718 1883
765 3679 791 3731 p.
808 3664 872 3717 431.
905 3679 936 3718 es
955 3665 993 3718 ist
1018 3678 1090 3733 ganz
1114 3665 1271 3733 ungewiss,

215 3747 314 3801 woher
331 3746 482 3813 Euripides
499 3745 616 3815 Merops
644 3748 741 3814 nahm,
767 3747 826 3801 und
854 3749 926 3802 doch
952 3748 1031 3802 nicht
1049 3748 1197 3816 gersthen,
1223 3747 1270 3802 die

216 3829 372 3898 Erllndung
389 3830 486 3884 dieser
501 3830 612 3886 Person
631 3831 746 3886 elnfach
765 3831 817 3887 nul
833 3832 916 3886 seine
929 3831 1089 3900 Rechnung
1106 3845 1142 3884 zu
1160 3839 1270 3886 setzen.
1384 3880 1387 3886 .

250 3921 325 3990 (129)
344 3924 361 3975 1.
380 3937 403 3976 e.
422 3923 571 3976 hominem
590 3924 741 3978 mortalem
761 3923 807 3978 cui
825 3923 926 3992 paelex
945 3923 991 3977 dei
1013 3917 1175 3977 tradideret.
