2978 4546
677 351 796 461 (lt)

215 529 404 601 demaratus
426 526 534 613 (179)
557 520 690 598 ⁴Cadmi
712 526 860 596 labulam
884 525 967 594 olim
990 527 1100 610 epico'
1116 526 1271 611 quodam

215 641 368 709 carmine
396 639 599 723 expositam
618 635 737 706 luisse.
768 636 874 704 -ldem
889 635 1096 704 'observavit
1119 632 1271 702 labulam

214 747 413 818 Thebarum
451 747 667 816 conditarum
705 760 738 814 et
775 759 872 814 ortus
906 744 1113 829 Spartorum·
1147 743 1270 812 deberi

216 870 340 943 poetae
357 875 426 924 non
441 855 544 924 valde
560 857 711 940 antiquo,
735 857 841 923 immo
857 867 996 940 praeter
1010 856 1125 939 ipsum
1142 851 1270 923 Cadmi

216 985 344 1035 nomen
375 964 458 1033 nihil
489 968 668 1034 continere
698 965 793 1050 qood
825 964 868 1031 ad
901 977 1056 1032 veterem
1089 962 1269 1031 historiam

214 1074 413 1144 Thebarum
441 1073 565 1143 referri
593 1076 705 1160 possit
728 1072 843 1158 (180).
890 1073 1042 1158 denique
1071 1074 1273 1158 suspicatus

217 1198 269 1253 est
294 1179 335 1231 ..‘
363 1184 398 1251 id
430 1184 526 1268 quod
560 1182 643 1251 mihi
677 1183 779 1268 plane
813 1182 972 1268 probavit
997 1217 1037 1227 -—
1063 1200 1150 1267 epos
1184 1180 1271 1249 illud

217 1293 436 1379 deperditum
471 1294 639 1377 scriptum
674 1291 783 1360 fuisse
817 1294 851 1359 in
886 1291 995 1374 Ionia,
1029 1289 1086 1358 ubl
1121 1288 1270 1360 Cadmei

216 1404 323 1488 patria
346 1421 408 1468 sua
432 1401 523 1486 pulsi
547 1403 648 1469 etiam
672 1419 798 1469 novam
822 1398 931 1484 Θήβην
954 1400 1190 1468 condiderant.
1235 1402 1271 1468 in

216 1512 270 1579 his
293 1508 457 1580 omnibus
481 1528 559 1578 cum
576 1509 786 1579 schwartzio
810 1509 911 1592 facio,
935 1510 978 1577 de
994 1511 1156 1578 carminis
1179 1511 1270 1594 eplcl

215 1639 301 1690 vero
325 1638 459 1689 summa
488 1633 590 1705 atque
613 1633 815 1704 argumento
844 1619 1022 1687 dissentio.
1066 1617 1197 1686 scilicet
1219 1619 1272 1685 in·

217 1730 383 1799 credulus
415 1726 662 1797 Schwartzium
696 1728 964 1796 contendentem
998 1728 1100 1795 audio
1134 1728 1169 1794 ln
1202 1725 1271 1794 hoc

217 1840 369 1907 carmine
392 1840 493 1924 eplco
509 1837 685 1924 Europam
708 1857 726 1904 a
749 1837 829 1905 Dite
853 1850 983 1922 raptam
1006 1835 1125 1920 luisse,
1148 1848 1270 1921 postea

216 1967 302 2017 vero
327 1962 499 2034 repertam
523 1967 541 2014 a
564 1945 701 2017 Cadmo
729 1949 763 2014 in
787 1946 944 2014 Boeotia.
981 1944 1132 2031 puellam
1154 1957 1270 2013 autem

218 2077 236 2124 a
259 2056 341 2124 love
365 2056 501 2125 inferno
525 2070 711 2142 propterea
736 2069 866 2140 raptam
894 2053 1002 2123 luisse
1026 2055 1152 2122 conicit
1174 2054 1270 2137 quod

218 2165 392 2250 Europam
416 2183 545 2233 numen
568 2163 741 2233 infernum
769 2162 877 2231 luisse
900 2177 1029 2232 censet.
1074 2161 1207 2248 quade
1231 2180 1270 2229 re

219 2291 311 2341 nunc
344 2277 482 2359 penitus
520 2273 714 2358 disceptare
752 2273 844 2341 nolo.
899 2273 962 2341 sed
997 2271 1099 2340 luerit
1131 2271 1271 2355 Europa

220 2382 302 2450 olim
331 2381 464 2451 inferna
492 2382 571 2466 dea,
604 2396 717 2451 tamen
741 2401 958 2469 nequaquam
982 2395 1148 2466 sequatur
1169 2382 1271 2449 etlam

219 2495 253 2559 in
274 2494 375 2577 epico
392 2495 544 2561 carmine
561 2495 592 2560 ei
610 2505 784 2577 raptorem
800 2491 955 2576 Stygium
972 2490 1135 2559 tributum
1152 2488 1272 2558 luisse.

220 2613 298 2668 ante
321 2603 436 2668 omnia
458 2619 545 2668 vero
568 2601 837 2669 examinandum
865 2613 918 2668 est
944 2602 1081 2667 cuinam
1104 2597 1272 2666 tribuatur

219 2707 353 2776 fabulae
386 2709 493 2794 figura
527 2729 593 2795 qua
620 2709 758 2795 Europa
792 2712 826 2776 ln
853 2709 1034 2777 Boeotiam
1063 2709 1271 2793 pervenerit.

219 2818 383 2901 quoniam
406 2832 519 2886 autem
540 2815 764 2902 Pherecydes
781 2816 884 2901 (181)
909 2815 1058 2900 Cadmo,
1081 2836 1159 2885 cum
1181 2815 1274 2885 Har·

220 2928 371 2994 moniam
387 2927 540 3010 duceret,
563 2945 723 2995 sororem
741 2926 869 2995 monile
885 2927 979 2994 dono
997 2927 1137 2994 dedisse
1152 2938 1275 2993 auctor

220 3048 286 3118 est,
313 3050 478 3120 oportere
506 3036 587 3103 dicit
613 3033 843 3104 schwartzius
867 3035 1040 3120 Europam
1069 3038 1103 3102 in
1126 3034 1274 3102 Boeotia

220 3161 298 3210 cum
316 3141 453 3213 Cadmo
477 3162 699 3229 congressam
722 3163 812 3212 esse.
845 3145 928 3229 quid
951 3147 980 3210 si
998 3145 1091 3212 dono
1115 3145 1275 3212 miserit?

222 3266 254 3319 et
280 3252 346 3319 hoc
375 3272 516 3320 narrare
543 3256 654 3337 potuit
676 3252 910 3335 Pherecydes.
953 3271 1077 3320 verum
1108 3256 1151 3320 sit
1179 3271 1275 3335 sana,

222 3374 257 3426 ut
282 3360 371 3443 vult,
404 3360 543 3445 Europa
570 3360 663 3444 apud
690 3359 930 3444 Pherecydem
959 3364 993 3428 in
1020 3362 1166 3430 Boeotia
1194 3380 1275 3429 cum

224 3465 359 3535 Cadmo
383 3485 586 3553 congressa:
617 3458 819 3552 sequiturne
843 3482 878 3536 ut
900 3489 918 3536 a
942 3482 1081 3554 raptore
1104 3473 1215 3538 statim
1239 3473 1276 3538 in

256 3734 331 3801 tlla)
350 3751 376 3803 p.
398 3736 437 3788 14.

256 3825 331 3895 (180)
351 3842 376 3896 p.
399 3829 430 3881 15
443 3843 507 3896 sqq.

257 3917 332 3987 (181)
351 3920 418 3974 bibl.
436 3919 530 3988 Apoll.
549 3920 590 3975 111.
608 3922 652 3974 25.
