2978 4546
683 360 802 471 (lt)

216 538 363 605 Homeri
387 536 606 621 Hesiodique
640 548 749 604 aetate
771 535 860 603 hanc
893 536 937 602 de
971 554 1037 619 qua
1063 537 1196 618 agimus
1220 534 1267 602 la-

213 645 329 714 bulam
363 659 478 714 notam
512 644 632 714 luisse.
675 647 710 712 in
743 643 847 712 Iliade
872 642 974 728 (160)
1008 645 1170 729 denique,
1203 645 1267 713 sed

215 756 292 824 loco
317 758 447 824 recenti
472 770 505 824 et
520 754 738 840 interpolato,
760 757 912 822 occurrit
927 753 1066 839 Europa
1081 753 1267 822 Phoenicis

214 863 281 933 lilia
304 884 392 951 quae
416 863 488 932 Iovi
512 864 631 933 MInoa
661 878 694 932 et
716 863 989 931 Rhadamantem
1013 865 1159 948 peperit.
1203 863 1267 931 sed

214 975 299 1044 haec
322 976 364 1042 ad
398 975 508 1041 solam
531 973 706 1058 Europam
740 986 905 1057 spectant.
949 973 993 1040 de
1016 971 1155 1056 Europa
1180 990 1267 1040 vero

215 1098 248 1153 et
264 1082 401 1153 Cadmo
425 1083 588 1168 agebatur
609 1086 643 1150 in
668 1085 819 1150 carmine
843 1085 943 1167 epico
959 1081 1104 1163 Eumeli,
1127 1095 1164 1149 ut
1179 1079 1268 1149 lama

215 1206 297 1275 erat,
320 1190 493 1275 Corinthi,
526 1194 581 1259 cui
604 1191 645 1260 ab
668 1191 806 1276 Europa
830 1209 957 1259 nomen
991 1204 1063 1258 erat
1085 1190 1268 1276 Europiae.

215 1304 296 1369 satis
319 1303 518 1370 documenti
542 1314 604 1385 est,
627 1302 721 1386 quod
744 1299 790 1368 lbi
813 1298 945 1368 fabulas
964 1298 1146 1368 Thebanus
1171 1318 1269 1368 enar-

215 1425 303 1480 ratas
327 1430 406 1479 esse
429 1413 559 1478 scimus
584 1408 698 1494 (161).
742 1423 774 1478 at
797 1409 1035 1495 compluribus
1059 1409 1269 1477 carminibus

215 1522 324 1605 epicis
346 1519 508 1605 Europae
531 1519 596 1588 lata
620 1522 778 1604 exposita
801 1517 911 1587 luisse
935 1538 1013 1587 cum
1038 1537 1103 1603 per
1125 1537 1164 1587 se
1188 1536 1270 1603 pro·

214 1628 327 1697 babile
350 1632 403 1712 sit,
436 1642 508 1696 tum
532 1628 738 1696 confirmare
771 1630 911 1696 videtur
943 1627 1074 1712 duplex
1102 1631 1269 1696 memoria

215 1756 303 1822 quae
336 1739 381 1806 de
415 1741 555 1805 nomine
584 1739 690 1821 patrls
712 1736 873 1821 Europae
907 1737 1043 1821 prodita
1077 1749 1129 1804 est
1163 1735 1267 1820 (162)

215 1849 296 1915 item
319 1848 353 1913 ln
369 1845 521 1930 Europia
540 1844 730 1914 Stesichori
748 1843 873 1915 Cadmi
898 1863 1011 1930 pugna
1035 1863 1113 1913 cum
1136 1844 1269 1930 Spartis

217 1970 349 2024 narrata
383 1968 455 2023 erat
479 1952 593 2038 (163).
642 1954 779 2039 plenius
814 1953 927 2022 labula
960 1955 1003 2022 de
1037 1973 1103 2040 qua
1137 1958 1269 2039 agimus

1220 2143 1270 2151 --—

248 2256 324 2325 (160)
343 2258 491 2327 8321311.

248 2341 324 2409 (161)
343 2344 435 2398 schol.
452 2341 512 2396 ab
531 2342 566 2396 ad
584 2342 615 2395 II.
633 2349 659 2394 z
679 2340 727 2398 131
752 2339 872 2395 narratis
893 2342 997 2395 Bacchi
1016 2342 1166 2396 itineribus
1185 2350 1213 2395 et
1232 2340 1269 2394 la·

215 2427 281 2480 bula
294 2427 414 2496 Lycurgi
432 2427 611 2495 sublungunt
628 2427 700 2480 haec
717 2426 816 2479 verba:
835 2426 878 2490 τῆς
895 2426 1009 2497 (πυρίας
1027 2425 1119 2478 naalol
1137 2423 1270 2496 ἐμνήσθη-

214 2526 273 2576 σαν,
290 2511 495 2582 προηγουμένως
512 2509 542 2563 δὲ
559 2507 574 2562 ὁ
590 2507 638 2574 την
650 2509 799 2581 Εὖρωπίαν
816 2509 965 2573 πεποιηκώς
980 2507 1110 2580 Εὔμηλος.
1128 2506 1268 2562 Paus.1X.

214 2594 240 2645 5.
252 2595 281 2647 8:
299 2591 313 2647 ὁ
330 2593 360 2646 δὲ
378 2593 408 2645 τὰ
425 2595 473 2658 ἔπη
491 2591 521 2645 rt}
540 2593 566 2652 ἐς
583 2591 718 2662 Εὐρώπην
735 2591 846 2657 ποιήσας
863 2592 948 2658 φησὶν
961 2591 1104 2663 Ἀμφίονα
1117 2589 1270 2664 χρησασθαι

215 2671 283 2750 λύρη
299 2677 408 2748 πρῶτον
424 2673 532 2747 Ἑρμοῦ
549 2672 714 2738 διδάξαντος.
741 2678 867 2741 πεποίηκε
884 2675 913 2728 δὲ
930 2674 976 2728 καὶ
992 2678 1081 2729 λίθων
1102 2676 1147 2728 καὶ
1164 2677 1270 2747 θηρίων

214 2760 297 2827 ·1··1··1·
314 2758 354 2813 ὅτι
371 2759 511 2812 καὶταῦτα
528 2757 604 2832 ᾅδων
622 2753 676 2826 ἦγε.

250 2842 324 2912 (162)
342 2843 485 2913 Europam
517 2843 660 2913 Agenoris
689 2843 777 2897 liliam
809 2845 946 2899 exhibent
977 2845 1043 2898 bibl.
1066 2844 1159 2913 Apoll.
1182 2843 1270 2897 1112.

217 2926 270 2982 Ov.
289 2927 405 2982 Metam.
425 2926 456 2982 II.
472 2929 535 2982 858.
572 2929 646 2995 Hyg.
669 2927 725 2982 lab.
746 2928 795 2982 155
814 2936 842 2981 et
863 2928 922 2982 178.
956 2929 1038 2982 Diod.
1056 2927 1089 2982 V.
1108 2928 1152 2981 78.
1182 2928 1270 2995 hypo·

215 3012 309 3066 thesis
327 3011 393 3065 Eur.
411 3010 521 3065 Phoen.
538 3011 668 3065 schol.D
687 3013 722 3065 ad
740 3010 770 3064 Il.
789 3010 889 3076 8321,
907 3012 998 3065 schol.
1012 3011 1099 3065 Rhes.
1116 3010 1160 3076 29,
1179 3011 1271 3064 schol.

216 3096 321 3150 Aesch.
341 3094 417 3163 Sept.
441 3094 510 3160 469,
535 3095 625 3149 schol.
644 3095 708 3149 Eur.
728 3095 836 3149 Phoen.
853 3094 922 3161 217,
948 3094 1013 3149 Luc.
1033 3094 1096 3148 dial.
1121 3108 1188 3148 mar.
1211 3093 1271 3159 151,

216 3178 306 3234 Varro
324 3181 341 3232 l.
355 3180 372 3232 l.
385 3178 418 3232 V.
430 3180 476 3246 31,
494 3178 596 3233 Festus
615 3195 639 3232 s.
657 3195 683 3233 v.
701 3178 823 3245 Europa,
841 3177 937 3231 Nonn.
949 3176 1018 3230 VIII.
1034 3178 1085 3232 183
1095 3192 1157 3247 sqq.
1180 3176 1271 3230 Phoe·

217 3264 290 3318 nicIs
308 3265 394 3317 liliam
414 3263 503 3318 halus
524 3264 598 3331 apud
619 3262 704 3317 Paus.
721 3261 774 3316 VII.
792 3264 819 3314 4.
840 3261 861 3314 l.
892 3260 921 3314 Il.
941 3262 1028 3317 11321
1051 3277 1116 3316 cum
1136 3262 1227 3316 schol.
1246 3268 1270 3314 A

218 3356 246 3400 et
270 3347 396 3400 Eustath.
415 3347 605 3402 Antimachus
632 3347 706 3415 apud
726 3343 823 3413 Steph.
844 3346 911 3413 Byz.
930 3360 953 3398 s.
971 3361 997 3399 v.
1016 3342 1134 3418 Εὐρώπη
1156 3355 1184 3400 et
1206 3353 1270 3399 rev-

216 3426 329 3503 μησσός,
355 3431 420 3485 Eur.
440 3430 493 3498 lrg.
510 3429 577 3497 472,
604 3430 717 3485 Moschi
736 3431 800 3485 Eur.
818 3432 847 3497 7,
875 3431 967 3483 schol.
985 3428 1046 3484 AD
1065 3431 1100 3484 ad
1119 3429 1147 3484 Il.
1169 3438 1189 3483 li
1206 3430 1270 3497 494,

217 3517 309 3571 schol.
327 3515 351 3569 Α
362 3515 386 3568 Β
397 3514 422 3568 D
446 3515 481 3568 ad
501 3514 531 3567 Il.
549 3513 578 3567 Μ
595 3515 667 3580 292,
694 3515 785 3569 schol.
803 3514 868 3568 Eur.
888 3514 997 3568 Phoen.
1015 3516 1045 3582 5,
1075 3514 1208 3583 Palaeph.
1229 3514 1272 3582 16,

219 3599 321 3654 Conon
339 3598 377 3655 32
395 3607 424 3652 et
441 3598 484 3666 37,
502 3596 595 3652 Clem.
613 3597 694 3652 Rom.
713 3599 789 3652 hom.
808 3597 841 3654 V.
862 3598 903 3652 13.
933 3612 1047 3667 recogn.
1066 3598 1098 3653 X.
1114 3598 1159 3652 22.
1188 3600 1270 3653 matri

218 3684 348 3750 Europae
366 3697 474 3737 nomeu
494 3681 589 3736 luisse
607 3682 814 3751 perhibuerunt
826 3681 1060 3737 Perimedae'vel
1077 3681 1271 3750 Telephassae

218 3769 264 3821 vel
283 3768 424 3836 Argiopae
442 3768 488 3821 vel
500 3765 582 3834 Tyro.
609 3766 645 3819 de
663 3772 742 3833 patre
761 3764 863 3820 Cadmi
883 3764 979 3821 lusius
998 3767 1145 3832 disputare
1163 3766 1197 3819 ab
1216 3767 1271 3819 hoc

219 3853 283 3905 loco
302 3851 427 3905 alienum
448 3858 500 3905 est.
529 3864 555 3903 v.
575 3847 709 3903 Orusium
729 3849 744 3901 l.
764 3850 782 3901 l.
801 3863 827 3916 p.
844 3850 900 3903 832
912 3864 976 3919 sqq.
995 3857 1023 3903 et
1039 3848 1105 3902 844.

253 3931 329 4002 (163)
348 3935 437 3988 schol.
457 3934 521 3987 Eur.
541 3932 647 3986 Phoen.
666 3932 728 3986 670.
