2978 4546
677 347 796 457 (lt)

216 524 418 606 inspexerit.
463 522 624 590 obicum
649 524 864 605 repperisset
886 521 959 590 lere
992 542 1081 607 quae
1104 525 1204 591 etiam
1232 525 1266 590 in

215 630 423 699 bibliotheca
437 629 655 716 ‘Apollodori
674 630 752 714 (89)
777 645 810 698 et
832 631 1018 717 hypothesi
1041 631 1266 715 Pythicorum

216 740 386 824 leguntur,
418 739 498 807 hinc
532 739 680 807 fortasse
703 739 898 823 Pythonem
934 754 966 807 et
988 739 1160 824 Daphnen
1184 738 1268 808 dcli-

215 849 316 915 bavit.

257 960 491 1026 coniecturam
516 956 603 1024 hanc
628 977 707 1026 esse
731 959 876 1026 candide
911 956 1028 1026 fateor.
1074 976 1187 1041 neque
1221 971 1268 1024 ta-

216 1086 295 1134 men
330 1069 563 1134 coniecturam
599 1065 726 1134 fecisse
761 1087 816 1134 me
847 1069 962 1151 pudet.
1008 1069 1205 1150 nonenim,
1237 1069 1266 1134 si

217 1177 299 1258 quid
332 1195 469 1260 quaque
503 1175 547 1243 de
581 1195 619 1243 re
653 1180 735 1244 certi
770 1176 958 1245 habeamus
988 1197 1090 1262 quam
1118 1180 1267 1244 maxime

217 1287 307 1353 scire
331 1288 503 1369 cupimus,
537 1287 709 1353 eiusmodi
744 1289 966 1371 quaestiones
1000 1289 1205 1353 minutiores
1228 1304 1267 1352 ac

215 1393 496 1462 subdifficiliores
531 1409 671 1462 cunctas
702 1409 800 1463 caute
834 1394 987 1481 effugere
1021 1396 1109 1464 licet.
1153 1414 1267 1478 neque

216 1504 352 1588 indigna
376 1504 452 1572 talia
469 1504 581 1572 habeo
598 1524 686 1589 quae
702 1519 910 1589 scrutemur,
932 1506 1104 1590 siquidem
1122 1519 1158 1571 ut
1174 1517 1267 1572 recte

215 1607 420 1678 definiamus
458 1631 546 1696 quae
578 1610 711 1680 fabulae
748 1615 840 1696 apud
877 1612 1150 1697 mythographos
1185 1630 1267 1679 con·

216 1719 350 1784 iunctae
374 1716 511 1801 luerint,
534 1722 652 1803 utique
675 1723 825 1805 primum
851 1722 1005 1786 omnium
1042 1737 1131 1804 quos
1155 1737 1266 1787 nexus

216 1825 291 1906 ipse
330 1838 431 1906 poeta
470 1828 642 1892 invenerit
679 1828 795 1893 critica
833 1840 904 1894 arte
945 1845 1170 1894 secernamus
1207 1846 1267 1894 ne·

217 1950 316 1999 cesse
341 1944 404 1998 est.

415 2557 476 2624 DE
508 2557 691 2628 FABVLA
724 2559 1060 2629 PHAETHONTIS

256 2757 480 2826 Phaethontis
497 2758 641 2844 fabulae,
658 2775 693 2827 ut
709 2775 867 2828 narratur
882 2764 974 2846 apud
987 2759 1156 2829 Ovidium
1174 2761 1264 2847 (90),

215 2884 340 2951 poema
363 2866 511 2936 subesse
527 2871 645 2936 aetatis
661 2869 916 2937 Alexandrinae
941 2884 974 2938 et
989 2870 1052 2938 hac
1069 2885 1102 2938 et
1117 2872 1262 2939 aliorum

214 2974 451 3043 subsidiorum
487 2994 555 3061 ope
590 2978 907 3045 reconcinnandum
942 2980 1075 3063 primus
1103 2979 1265 3046 iudicavit

213 3083 497 3152 Wilamowitzius
522 3085 611 3169 (91).
660 3104 763 3171 quem
793 3105 916 3154 verum
950 3086 1082 3154 vidisse
1115 3089 1264 3155 triennio

214 3207 293 3276 post
315 3195 451 3262 idoneis
476 3194 666 3263 rationibus
690 3197 941 3263 demonstravit
964 3195 1160 3264 Knaackius
1185 3195 1262 3280 (92)

247 3468 304 3534 (89)
324 3467 343 3521 1.
360 3469 404 3523 22.

246 3558 304 3626 (90)
322 3558 438 3613 Metam.
456 3559 474 3613 1.
492 3559 546 3613 747
555 3560 628 3614 -ll
646 3561 708 3615 400.

247 3652 306 3717 (91)
324 3652 421 3706 Herm.
443 3653 519 3706 1883.
545 3668 571 3721 p.
587 3653 649 3708 396.

247 3741 304 3808 (92)
322 3742 516 3810 Quaestiones
529 3745 751 3801 Phaethonteae.
769 3747 982 3817 Philologische
993 3747 1263 3817 Untersuchungen.

213 3823 284 3878 VllI.
320 3826 417 3880 Berlin
447 3829 524 3882 1886.
560 3828 597 3882 cl.
617 3830 715 3883 Herm.
745 3832 814 3885 1887
841 3846 867 3899 p.
885 3832 940 3886 637
953 3845 1016 3899 sqq.
1053 3832 1183 3886 Knaaclt:
1213 3847 1264 3885 zur

214 3907 439 3976 Phaethonsage.
