2978 4546
755 359 874 470 (38)

293 549 325 601 et
342 533 501 602 Leandro
525 533 613 600 hanc
636 535 747 616 ipsam
763 552 866 617 quam
889 550 953 617 ego
976 535 1047 599 vito
1069 535 1162 600 viam
1185 537 1345 603 insistere

293 645 413 710 video:
438 646 488 709 sic
505 645 598 709 enim
614 656 885 726 argumentatur:
910 661 1126 726 nequaquam
1142 646 1216 710 veri
1232 644 1345 712 simile

293 771 372 819 esse
407 765 544 836 poetam
568 754 626 835 qui
660 754 908 819 astronomiam
942 765 975 818 et
1008 751 1249 836 geographiam
1274 772 1344 820 non

293 860 404 944 probe
427 859 547 927 calleat
569 859 666 926 locos
690 874 757 928 tam
781 859 956 927 mirabiles
980 873 1117 944 tamque
1139 859 1344 945 splendidos

294 971 409 1054 ipsum
444 971 622 1036 invenisse
646 968 737 1052 (81).
786 973 899 1053 itaque
933 967 1009 1035 talia
1032 967 1122 1036 bene
1145 968 1268 1036 doctus
1300 972 1344 1036 sit

293 1092 395 1164 poeta
429 1096 576 1146 necesse
610 1081 675 1145 erit
697 1081 756 1162 qui
779 1081 941 1145 iuvenem
976 1077 1018 1145 ad
1040 1077 1253 1162 voluptatem
1281 1096 1344 1161 per

293 1206 389 1255 mare
423 1201 456 1254 et
486 1186 638 1271 pericula
674 1187 871 1255 tendentem
906 1187 1067 1272 depingat
1099 1186 1156 1255 vel
1185 1186 1345 1272 pavidam

294 1295 446 1380 puellam
475 1310 644 1363 amantem
678 1316 781 1363 suum
815 1296 1086 1381 opperientem?
1120 1295 1154 1362 di
1192 1296 1346 1363 meliora.

294 1425 411 1473 rerum
444 1408 499 1472 vis
534 1405 672 1473 dicam?
714 1409 821 1473 immo
855 1424 957 1489 quam
992 1408 1141 1473 maxime
1175 1402 1344 1472 Ovidium

292 1518 430 1600 sapiunt
468 1513 669 1581 huiusmodi
711 1514 778 1582 loci
815 1517 874 1598 qui
914 1534 1071 1583 amorem
1108 1516 1240 1598 spirant
1275 1498 1344 1580 non

293 1641 454 1708 magnum
481 1623 576 1690 illum
600 1624 741 1707 quidem
766 1640 799 1692 et
821 1642 948 1709 purum
972 1638 1006 1692 et
1027 1640 1249 1709 generosum,
1282 1621 1345 1690 sed

293 1732 436 1801 brevem
471 1746 504 1823 et
536 1747 734 1801 vomentem
768 1752 838 1817 quo
860 1734 965 1818 vulgo
1000 1735 1156 1818 capimur
1178 1745 1348 1815 quotquot

293 1861 415 1909 sumus
438 1844 559 1926 sponsi
585 1841 783 1927 Penelopae
807 1841 1001 1910 nebulones
1024 1841 1241 1926 Alcinoique.

336 1995 446 2058 aeque
463 1976 547 2043 nihil
563 1990 637 2061 agat
651 1979 710 2061 qui
726 1978 818 2061 apud
837 1975 1006 2044 Ovidium
1027 1976 1182 2044 colorem
1198 1974 1349 2042 Alexan-

294 2085 432 2152 drinum
466 2084 590 2152 alicubi
624 2085 689 2152 sibi
725 2084 992 2170 deprehendere
1024 2087 1123 2152 visus
1156 2086 1268 2151 statim
1303 2083 1347 2150 de

295 2193 458 2278 exemplo
475 2192 712 2261 Alexandrino
737 2197 872 2278 cogitet.
916 2194 1036 2279 quidni
1059 2195 1234 2278 ingenium
1259 2190 1347 2259 Ovi-

295 2302 435 2369 dianum
459 2300 558 2370 facile
582 2316 614 2370 et
637 2302 792 2370 colorem
816 2316 848 2370 et
872 2315 975 2369 totam
997 2301 1188 2370 verborum
1212 2320 1346 2370 rerum-

295 2431 362 2496 que
396 2414 685 2496 compositionem
713 2425 894 2496 poetarum
923 2411 1240 2479 Alexandrinorum
1271 2412 1347 2477 imi·

295 2522 356 2587 tari
381 2534 514 2604 poterat
536 2520 633 2588 nullo
658 2534 753 2589 certo
771 2520 924 2588 adhibito
948 2520 1138 2605 exemplo?
1160 2522 1194 2586 in
1211 2533 1346 2588 contra-

295 2631 380 2695 riam
412 2648 499 2697 vero
533 2643 665 2713 partem
699 2632 757 2713 qui
793 2631 943 2713 disputat
976 2630 1043 2697 hoc
1067 2628 1187 2697 saltem
1222 2631 1263 2695 iis
1287 2631 1345 2712 qui

296 2735 465 2806 Ovidium
488 2739 597 2806 semel
620 2741 816 2822 iterumque
839 2739 1006 2823 legerunt,
1039 2737 1190 2823 probare
1220 2739 1346 2823 poterit

296 2850 441 2933 reperiri
466 2848 629 2915 nonnulla
663 2851 697 2916 in
732 2847 844 2916 labula
873 2851 916 2916 de
939 2847 1088 2931 Daphne
1112 2867 1200 2931 quae
1223 2845 1346 2932 procul

294 3046 575 3052 --..--.---—---—-.
805 3043 1344 3051 —-..-.-——--.--.-..-..-—.-———-

328 3158 384 3225 (81)
404 3158 542 3226 Festgabe
561 3158 605 3212 hir
623 3157 771 3212 Susemihl
793 3158 870 3211 1898.
891 3171 919 3224 p.
932 3157 978 3210 ⁵0:
1007 3172 1038 3210 es
1057 3158 1094 3210 ist
1112 3171 1171 3210 nun
1189 3169 1246 3209 von
1264 3169 1348 3209 vorn·

294 3244 394 3296 hereln
413 3241 701 3308 unwahrscheinlich
729 3241 797 3294 dass
825 3241 876 3294 der
894 3240 1021 3305 Dichter,
1047 3241 1099 3294 mit
1125 3240 1232 3293 dessen
1258 3247 1347 3292 astro·

294 3325 465 3378 nomischen
500 3324 558 3376 und
587 3323 836 3392 geographischen
868 3322 1068 3378 Kenntnissen
1103 3338 1135 3378 es
1169 3321 1248 3376 nicht
1280 3336 1346 3375 zum

295 3408 396 3461 besten
415 3407 532 3461 bestellt
558 3407 608 3474 ist,
637 3407 738 3460 solche
763 3405 962 3461 Glanzstellen
989 3422 1041 3461 aus
1067 3409 1183 3475 eigener
1201 3404 1284 3459 Kralt
1301 3419 1348 3473 ge·

295 3490 426 3544 schaffen
445 3491 501 3544 hat.

327 3591 419 3658 agitur
436 3591 472 3643 de
489 3590 543 3644 Ov.
556 3590 624 3644 Her.
636 3589 729 3643 XVlll.
741 3592 874 3645 53-118.
892 3591 958 3645 xlx,
971 3592 1068 3645 7—28.
1079 3591 1196 3656 33-66,
1213 3590 1264 3643 ubl
1276 3589 1347 3643 nihil

295 3682 339 3728 est
356 3674 433 3742 quod
449 3674 485 3728 ad
503 3675 573 3728 caeli
592 3683 721 3728 terraeve
739 3676 868 3729 notitiam
882 3683 1000 3742 spectat
1027 3683 1155 3729 ceterum
1169 3673 1348 3728 Knaaclrium

294 3771 360 3811 cum
388 3758 533 3826 plerisque
559 3759 628 3812 viris
658 3759 751 3813 doctis
781 3760 834 3812 has
861 3759 1000 3826 epistulas
1027 3759 1140 3826 spurias
1169 3756 1277 3811 habere
1302 3756 1349 3809 vix

294 3855 368 3909 opus
382 3850 426 3896 est
439 3856 565 3897 monere.
591 3856 645 3910 ego
658 3843 755 3896 dubito
774 3841 852 3902 αὐτός
869 3860 919 3916 περ
937 3842 992 3896 ἐών
1010 3856 1080 3897 num
1093 3850 1171 3896 recte
1183 3839 1289 3895 Ovidio
1302 3841 1350 3894 ab·

294 3925 463 3981 iudicentur.
