2978 4546
680 359 798 466 (⁰2)

216 530 383 614 scripsit?
428 529 609 597 clarissimi
631 543 738 613 vates,
761 533 880 614 inquit,
903 530 985 597 dum
1010 529 1085 598 Nisi
1109 529 1210 599 liliam
1235 535 1269 599 in

217 652 410 707 monstrum
445 640 616 705 marinum
649 638 776 706 abiisse
813 640 961 723 tradunt,
999 638 1130 707 fabulas
1166 641 1269 725 plane

216 750 373 816 diversas
396 748 556 832 imperite
580 747 812 833 confundun13
846 768 996 834 quorum
1030 751 1185 834 opinioni
1216 770 1271 817 re-

217 857 366 941 lragatur
389 857 569 924 Homerus
594 856 708 941 (219),
741 861 799 942 qui
827 860 929 926 docet
952 857 1140 942 nympham
1166 862 1269 927 mari-

216 985 294 1033 nam
329 985 408 1033 esse
442 964 544 1033 liliam
570 964 787 1050 Crataeidos‚
822 987 886 1036 nec
909 966 1028 1036 hercle
1062 966 1166 1035 fidem
1190 967 1271 1035 lacit

217 1077 391 1159 pessimus
415 1089 544 1157 auctor,
579 1078 634 1141 cui
658 1095 814 1143 errorem
850 1095 952 1142 suum
983 1076 1120 1143 debent.
1164 1079 1271 1160 signi-

217 1182 302 1266 ficat,
326 1186 372 1250 uti
395 1184 506 1266 vides,
529 1203 568 1250 se
592 1187 733 1252 novisse
757 1184 883 1251 librum
905 1203 974 1252 non
991 1186 1142 1268 optimae
1165 1198 1269 1252 notae

217 1311 286 1375 quo
321 1292 368 1359 illi
392 1295 445 1359 usi
469 1295 546 1359 sint.
591 1296 793 1375 sequiturne
817 1296 931 1378 poetis
954 1293 1119 1360 Romanis
1142 1312 1270 1361 aureae

216 1405 334 1468 aetatis
372 1400 477 1484 vulgo
516 1401 678 1468 omnibus
721 1402 842 1469 eadem
880 1402 1035 1469 subsidia
1073 1403 1270 1470 studiorum

217 1530 305 1593 quae
349 1530 367 1577 a
404 1510 690 1594 praeceptoribus
735 1525 768 1578 et
812 1510 1010 1578 rhetoribus
1052 1514 1272 1596 accepissent

217 1633 356 1703 praesto
380 1618 514 1687 luisse?
552 1633 652 1686 erunt
675 1618 823 1687 lortasse
846 1619 972 1703 quibus
996 1621 1169 1687 eiusmodi
1186 1639 1271 1688 con-

218 1731 346 1796 iectura
372 1728 582 1812 perplaceat3
607 1747 684 1795 cum
708 1747 795 1796 vero
812 1748 928 1796 rerum
945 1731 1074 1795 veritas
1097 1747 1271 1813 persaepe

217 1837 391 1920 aliquanto
415 1840 529 1904 minus
552 1838 703 1922 simplex
726 1840 769 1904 sit
791 1857 894 1921 quam
917 1836 1147 1921 voluerimus,
1170 1841 1204 1904 in
1230 1857 1269 1905 re

220 1948 357 2030 ancipiti
382 1944 465 2012 nihil
488 1944 633 2013 definire
657 1960 815 2030 praestat.

260 2074 303 2121 ex
325 2055 450 2122 iisdem
473 2054 569 2122 libris
587 2052 739 2122 Ovidius
763 2058 863 2122 etiam
880 2058 1118 2138 patronymica
1142 2055 1271 2138 quibus

216 2181 341 2230 versus
373 2176 558 2229 exornaret
588 2162 682 2230 nullo
714 2166 850 2246 negotio
878 2176 998 2246 petere
1021 2176 1164 2247 poterat.
1210 2181 1271 2230 ne-

217 2290 284 2355 que
307 2273 409 2354 igitur
435 2284 487 2339 est
514 2271 608 2354 quod
636 2274 803 2337 miremur
827 2275 940 2337 virum
965 2273 1105 2339 minime
1129 2272 1270 2338 doctum
1364 2335 1370 2345 .

216 2379 400 2463 Auroram,
423 2393 459 2446 ut
481 2379 548 2447 hoc
572 2393 657 2463 utar,
679 2379 886 2446 Pallantiada
911 2378 1013 2464 (220)
1039 2382 1170 2447 dixisse
1193 2383 1272 2447 sive

216 2488 402 2556 Pallantida
431 2487 549 2573 (221),
586 2508 664 2557 curn
699 2488 800 2556 nobis
833 2488 971 2557 aliunde
1006 2509 1049 2556 ne
1083 2491 1273 2555 innotuerit

153 2639 155 2642 <
217 2598 357 2680 quidem
381 2616 456 2664 eam
479 2597 640 2693 Pallantis
663 2596 766 2664 filiam
790 2598 914 2664 dictam
938 2618 1028 2665 esse.

259 2719 397 2790 praeter
427 2706 658 2790 mythologica
691 2692 783 2774 vero
806 2704 958 2774 Ovidius
992 2710 1093 2774 etiam
1127 2723 1272 2790 geogra-

219 2817 319 2900 phica
353 2830 400 2899 et,
431 2820 460 2884 si
486 2819 570 2901 quid
592 2817 712 2899 video,
743 2819 973 2884 astronomica
999 2814 1101 2900 (222)
1130 2836 1149 2883 e
1173 2813 1271 2882 libris

218 2925 458 2994 consimilibus
476 2940 634 3011 repetere
651 2925 793 3009 solebat,
817 2925 963 2994 fortasse
980 2946 1024 2993 ex
1040 2926 1174 3007 iisdem,
1189 2943 1271 2991 cum

218 3033 303 3103 haec
334 3055 428 3102 mera
459 3035 613 3102 subsidia
644 3034 925 3119 mythologorum
956 3047 1082 3102 essent.
1129 3031 1271 3101 afferam

218 3143 316 3212 locos
339 3147 397 3228 qui
421 3142 489 3211 huc
512 3147 694 3227 pertinent.

258 3252 592 3337 Metamorphoseon
620 3253 709 3321 libro
732 3253 744 3318 l
768 3264 1015 3320 enumerantur
1038 3271 1156 3319 amnes
1180 3269 1272 3334 quos

218 3375 425 3429 convocarat
447 3362 602 3429 Peneus:

250 3641 326 3712 (219)
345 3642 439 3716 0(1.μ
460 3644 519 3697 124.

250 3734 326 3805 (220)
344 3735 460 3790 Metam.
477 3736 520 3790 Ili.
539 3737 565 3790 4.
582 3738 625 3791 21.
649 3737 706 3791 XV.
728 3739 788 3792 191.
818 3739 890 3792 Fast.
909 3738 952 3791 1v.
972 3739 1034 3792 373.

251 3827 327 3897 (221)
346 3829 461 3884 Metam.
479 3829 536 3883 XV.
555 3829 618 3884 700.

251 3920 326 3988 (222)
345 3921 421 3989 quod
440 3930 536 3976 tamen
556 3922 754 3977 demonstrare
772 3936 830 3976 non
849 3936 980 3989 possum.
