2978 4546
753 360 872 471 (4⁰)

333 538 415 620 quin
439 537 540 602 etiam
557 554 576 602 e
592 533 705 602 fabula
721 533 888 619 Daphnes
911 548 1150 619 argumentum
1173 538 1243 620 peti
1267 551 1342 621 pot-

291 659 343 713 est
368 664 438 729 quo
462 659 599 728 poetam
622 645 914 729 mythographum
937 661 1095 713 secutum
1123 663 1202 713 esse
1226 659 1343 714 osten-

290 753 399 821 datur.
443 753 575 821 scilicet
614 773 716 838 quam
750 753 923 821 Maassius
958 751 1035 837 (84)
1070 755 1114 822 de
1146 752 1285 822 Metam.
1319 754 1341 822 Ι.

291 867 361 929 543
387 881 461 946 sqq.
495 866 649 931 tractavit
682 865 934 948 quaestionem,
967 882 1023 931 me
1052 863 1193 948 quidem
1227 862 1341 931 iudice

290 985 369 1056 post
402 972 588 1039 multorum
623 975 739 1040 irritos
773 972 910 1041 labores
945 970 1154 1056 profligavit3
1192 992 1341 1057 cumque

290 1083 366 1165 ipse
401 1082 482 1149 inde
505 1081 634 1166 aliquid
669 1084 712 1149 de
747 1080 841 1149 lonte
865 1079 974 1148 Ovidi
1002 1080 1212 1149 concludere
1235 1099 1341 1166 posse

290 1188 373 1256 mihi
395 1189 526 1273 videar,
553 1209 622 1257 non
646 1209 702 1257 me
726 1189 853 1274 pigebit
876 1192 961 1275 ipsis
984 1189 1113 1257 Maassi
1136 1189 1257 1258 verbis
1282 1209 1342 1257 ex-

289 1300 427 1383 scriptis
451 1298 637 1366 ostendere
661 1317 807 1382 quanam
831 1297 888 1365 ille
911 1301 1043 1366 ratione
1067 1301 1341 1367 controversiam

289 1408 501 1491 disceptarit:

333 1541 468 1620 „codex
489 1541 688 1611 Marcianus
712 1562 767 1609 vv.
791 1546 976 1611 543-552
1001 1546 1044 1610 ita
1067 1545 1284 1628 propagavit:

443 1774 495 1828 sta
512 1776 621 1830 viribus
640 1776 802 1843 absumptis
821 1777 958 1844 expalluit
974 1777 1023 1831 illa
1040 1777 1171 1844 citaeque

442 1859 497 1912 544
515 1861 589 1914 victa
607 1860 705 1914 labore
724 1859 818 1928 lugae,
835 1859 943 1927 Tellus,
960 1861 1007 1925 ait,
1025 1860 1106 1915 hisce
1124 1860 1171 1913 vel
1189 1861 1281 1927 istam,

443 1943 498 1996 547
517 1957 573 2011 qua
590 1945 712 1998 nimium
731 1944 834 2012 placui,
853 1945 990 1998 mutando
1008 1945 1097 2012 perde
1114 1944 1241 2012 figuram.

441 2026 496 2079 548
513 2028 560 2080 vix
578 2042 664 2095 prece
681 2028 758 2082 linita
776 2037 874 2095 torpor
892 2029 986 2096 gravis
1004 2036 1125 2095 occupat
1145 2036 1223 2082 artus
1242 2037 1296 2081 etc.

333 2263 375 2328 ad
398 2262 655 2330 hemistichium
688 2262 833 2332 alterum
856 2283 908 2331 vs.
932 2270 1001 2331 544
1037 2267 1071 2331 in
1095 2283 1214 2332 rasura
1246 2283 1265 2330 a
1287 2263 1343 2330 Μ1

291 2373 459 2453 scriptum
498 2371 586 2439 hanc
624 2372 782 2439 lectionis
822 2375 1022 2440 varietatem
1059 2373 1116 2440 Μ2
1152 2372 1342 2439 adnotavit:

289 2488 443 2564 spectans
478 2481 643 2546 Perseidos
678 2484 805 2565 ondam
850 2501 916 2566 qua
954 2481 1135 2549 substituta
1172 2493 1343 2549 structura

289 2591 509 2672 grammatica
526 2589 707 2658 laboraret.
748 2593 862 2674 itaque
886 2609 955 2659 non
979 2608 1118 2658 omnem
1142 2590 1344 2674 discrepan-

290 2699 369 2766 tiam
392 2697 450 2764 Μ2
483 2699 661 2767 addidisse
685 2719 703 2767 e
727 2699 849 2768 codice
878 2718 943 2767 suo
966 2699 1104 2767 videtur
1130 2699 1264 2782 (contra
1287 2697 1344 2765 Μ3

291 2807 334 2873 ita
357 2805 461 2873 scribi
485 2807 570 2875 haec
591 2808 715 2875 voluit:

515 3042 561 3096 ier
577 3052 666 3111 pater,
683 3045 784 3112 inquit,
802 3057 897 3111 opem,
916 3044 940 3097 si
959 3043 1077 3096 flumina
1095 3056 1203 3096 numen
1221 3041 1343 3095 habetis.

515 3141 589 3194 quae
608 3127 676 3180 iacit
694 3136 725 3180 ut
742 3126 846 3194 laedar,
865 3127 1003 3180 mutando
1022 3127 1110 3195 perde
1128 3125 1266 3194 liguram.)

332 3353 517 3424 utrumque
555 3340 733 3408 codicibus
770 3341 1003 3425 Amploniano
1042 3357 1074 3409 et
1110 3341 1340 3408 Laurentiano

290 3447 487 3532 exhibetur,
513 3467 635 3516 verum
664 3466 734 3516 non
761 3468 826 3535 pro
855 3453 949 3518 varia
973 3453 1142 3536 scriptura
1166 3463 1339 3518 enotatum

311 3641 474 3648 ----—---
771 3645 987 3651 ..μῲ-...-

323 3753 381 3822 (84)
400 3755 457 3809 ind.
469 3755 533 3809 lect.
547 3755 709 3824 Gryphisw.
725 3757 863 3812 taso-87
880 3773 906 3826 p.
919 3759 974 3812 XX.
993 3760 1027 3813 cl.
1040 3759 1071 3812 R.
1085 3759 1183 3813 Helm:
1203 3759 1240 3812 de
1252 3765 1340 3812 meta·

290 3839 486 3906 morphoseon
499 3838 705 3896 Ovidlanarum
719 3842 791 3896 locis
804 3842 910 3910 duplici
923 3843 1095 3898 recensione
1112 3843 1234 3897 servatis
1253 3841 1342 3910 (Fest-

264 4003 266 4009 .
289 3922 390 3978 schrift
408 3922 453 3976 hir
469 3923 493 3990 J.
506 3922 629 3990 Vahlen)
648 3939 674 3992 p.
692 3924 749 3980 338
761 3940 824 3994 sqq.
