2962 4538
678 268 796 372 (tl)

214 439 431 524 morphosin,
455 458 556 522 quarn
581 439 712 506 scholia
737 436 772 506 G
790 437 866 521 (31)
892 437 978 506 falso
1002 439 1079 505 loco
1097 439 1266 506 collocant

215 552 346 617 omisso
381 548 553 632 supplicio
581 547 741 614 filiorum.
785 547 851 614 hoc
885 550 987 631 igitur
1019 547 1097 615 loco
1122 562 1266 615 nonest

215 657 358 725 dubium
393 660 476 740 quin
510 659 812 741 grammaticorum
845 659 928 722 vitio
963 659 997 723 in
1021 659 1266 724 catasterismis

214 764 508 850 metamorphosis
541 765 714 849 Lycaonis
752 784 820 832 non
859 765 998 849 legatur.
1057 766 1151 849 quod
1188 783 1267 849 per·

213 878 329 960 spexit
366 873 539 942 Robertus
577 877 635 957 qui
670 874 789 941 lacuna
824 874 970 940 indicata
1007 888 1086 958 post
1121 886 1268 960 κεραυνοῖ

213 983 440 1051 inserendum
475 985 625 1050 censuit:
669 979 772 1048 αὐτόν
807 983 843 1047 δὲ
879 986 923 1058 εἰς
955 979 1051 1049 λύκον
1082 982 1266 1066 μετέβαλεν.

214 1095 269 1160 cui
304 1092 452 1159 libenter
475 1093 674 1174 assentirer,
709 1093 774 1158 nisi
809 1104 999 1175 praestaret
1031 1093 1065 1158 in
1093 1091 1266 1158 eiusmodi

213 1203 353 1285 scriptis
377 1203 544 1268 correctis
568 1199 787 1266 librariorum
822 1202 973 1283 peccatis
1006 1199 1101 1282 quod
1124 1201 1267 1283 perierit

214 1310 387 1394 perditum
426 1309 571 1391 ducere3
616 1308 721 1374 modo
766 1310 914 1392 periisse
955 1308 1076 1375 videas
1113 1308 1267 1392 quidque

214 1420 381 1502 scriptum
406 1417 509 1484 luerit
532 1417 718 1500 intellegas.

256 1526 358 1593 simili
395 1539 509 1593 autem
554 1525 658 1591 modo
698 1525 907 1592 crediderim
949 1525 1086 1591 mutilas
1124 1524 1267 1608 Apollo-

214 1635 291 1702 dori
315 1633 393 1718 (32)
420 1634 620 1719 Hyginique
644 1632 776 1701 fabulas
799 1631 944 1701 fluxisse
968 1653 987 1700 e
1010 1631 1174 1715 lontibus,
1207 1632 1265 1699 ubi

213 1744 354 1829 Lycaon
388 1762 466 1810 cum
490 1740 568 1810 liliis
591 1742 707 1811 scelus
730 1742 910 1808 admittere
944 1759 1146 1825 poenasque
1168 1741 1265 1808 luere

214 1852 421 1920 tradebatur.

257 1975 289 2028 at
311 1962 556 2029 revertendum
581 1974 633 2028 est
655 1960 697 2027 ad
715 1957 895 2027 Ovidium.
926 1960 1025 2026 cuius
1049 1957 1128 2025 lons
1145 1958 1264 2025 dubito

213 2089 295 2137 num
320 2071 445 2138 melior
467 2085 501 2138 et
524 2070 728 2154 explicatior
751 2066 864 2150 luerit,
891 2069 1022 2152 quippe
1045 2068 1137 2152 apud
1161 2087 1265 2150 quem

211 2180 327 2248 scelus
350 2199 368 2246 a
392 2179 468 2247 solo
492 2178 654 2262 Lycaone
678 2190 909 2261 perpetretur,
942 2194 1073 2260 poenas
1107 2176 1177 2242 luat
1199 2191 1266 2243 tota

212 2287 353 2356 domus:

210 2504 265 2558 240
372 2534 375 2539 >
612 2503 716 2557 occidit
734 2515 791 2555 una
809 2501 915 2555 domus

215 2706 343 2771 etenim
367 2705 468 2770 exiis
490 2721 579 2785 quae
602 2717 810 2787 sequuntur:

672 2919 724 2973 sed
744 2931 802 2973 non
820 2919 926 2972 domus
945 2933 1002 2972 una
1020 2921 1115 2987 perire

357 3003 442 3070 digna
461 3002 527 3057 luit:
547 3018 602 3071 qua
620 3011 695 3058 terra
713 3008 790 3070 patet
809 3002 870 3055 iera
888 3010 987 3070 regnat
1005 3001 1116 3069 Erinys,

243 3327 300 3394 (ar)
325 3343 351 3395 ρ.
374 3330 432 3383 123.
450 3329 495 3382 20.

244 3428 301 3496 (32)
324 3428 353 3482 in
383 3429 556 3483 bibliotheca
590 3429 662 3483 illud
692 3430 795 3484 saltem
831 3445 916 3499 aegre
951 3432 1143 3497 desideratur,
1186 3432 1263 3499 quod

209 3512 350 3579 Lycaonis
368 3513 417 3567 lilii
437 3513 574 3581 suspicati
593 3521 661 3567 sunt
679 3514 764 3583 ἄνδρα
779 3511 909 3586 χερνῆτην
930 3517 1017 3570 istum
1037 3515 1158 3570 lorsitan
1177 3515 1263 3569 deum

210 3611 286 3650 esse.
314 3612 388 3664 quae
415 3597 543 3665 suspicio
571 3612 606 3652 ne
634 3599 701 3651 oriri
720 3598 837 3665 quidem
856 3601 955 3666 potuit,
982 3600 1037 3653 nisi
1056 3601 1122 3666 ipse
1140 3599 1265 3666 luppiter

210 3681 364 3734 caelestem
385 3696 468 3736 suam
487 3680 628 3749 originem
647 3682 834 3750 prodidisset,
851 3693 882 3736 ut
900 3691 944 3737 est
962 3685 1037 3750 apud
1056 3682 1205 3737 Ovidium:

211 3823 229 3876 1.
247 3825 301 3878 220
518 3830 608 3898 sipoto
626 3830 696 3885 deda·
715 3829 832 3885 uenisse
849 3832 946 3885 deum.

1027 3931 1045 3983 2
