2978 4546
632 366 752 476 (all

169 543 275 613 dubio
309 545 376 627 ipsi
411 541 612 610 debeantur.
666 543 733 608 nisi
771 541 859 608 lorte
893 541 1077 625 aliquando
1116 546 1217 612 etiam

168 655 262 739 apud
283 650 443 721 Graecos
468 648 620 719 Ovidius
644 653 722 735 quis
745 653 863 719 extitit.

209 778 432 848 conferantur
455 779 613 863 inprimis
636 776 671 843 hi
694 796 835 845 versus:

167 997 375 1053 melaniam
393 1003 504 1062 spectat
521 996 669 1051 inornatos
688 995 763 1049 collo
781 994 908 1064 pendere
928 994 1058 1061 capillos,

394 1080 520 1147 enquid
539 1079 564 1132 si
583 1079 754 1133 comantur?
772 1079 818 1132 ait.
844 1078 922 1132 videt
939 1079 1005 1146 igne
1024 1080 1164 1133 micantes

393 1164 537 1218 sideribus
556 1163 668 1217 similes
687 1165 801 1228 oculos;
818 1162 896 1216 videt
913 1162 1013 1216 oscula
1031 1176 1105 1230 quae
1123 1177 1181 1217 non

394 1256 438 1302 est
455 1248 566 1302 vidisse
583 1246 667 1315 satis3
686 1248 781 1300 laudat
799 1246 962 1314 digitosque
980 1260 1142 1315 manusque

393 1331 583 1400 bracchiaque
601 1338 630 1385 et
642 1332 736 1385 nudos
756 1330 851 1384 media
867 1330 934 1398 plus
952 1339 1032 1397 parte
1050 1330 1187 1398 lacertos3

392 1419 416 1469 si
435 1415 606 1484 qualitatem,
624 1415 744 1469 meliora
762 1423 850 1483 putat.

320 1583 373 1636 525
391 1586 473 1651 plura
491 1583 654 1637 locuturum
673 1582 774 1636 timido
792 1580 897 1635 Peneia
915 1595 1002 1635 cursu

392 1667 462 1735 fugit
480 1680 606 1735 cumque
625 1666 688 1734 ipso
706 1666 794 1719 verba
811 1665 978 1732 imperfecta
997 1665 1120 1733 reliquit.

393 1760 453 1804 tum
473 1764 589 1818 quoque
606 1750 669 1803 visa
684 1750 800 1802 decens.
819 1749 966 1802 nudabant
977 1762 1097 1816 corpora
1108 1748 1186 1802 venti

394 1834 534 1901 obviaque
552 1834 689 1887 adversas
707 1832 856 1886 vibrabant
873 1832 988 1886 flamina
1005 1840 1103 1885 vestes

393 1924 420 1970 et
438 1917 510 1970 levis
529 1917 672 1984 impulsos
690 1924 766 1970 retro
784 1916 868 1970 dabat
885 1929 954 1968 aura
972 1915 1092 1983 capillos

393 2008 532 2068 auctaque
551 1999 645 2054 lorma
664 1999 731 2068 iuga
749 2009 794 2054 est
812 1999 877 2066 (82).

208 2213 388 2285 praeterea
422 2214 500 2267 nota
535 2202 569 2266 in
602 2199 764 2266 versibus
798 2201 958 2283 proxime
992 2199 1218 2284 sequentibus

167 2311 462 2393 comparationem
485 2307 658 2393 Apollinis
687 2327 766 2375 cum
791 2305 928 2376 Gallico
952 2326 1037 2374 cane
1060 2321 1094 2374 et
1116 2307 1218 2391 paulo

167 2416 254 2486 inira
279 2416 356 2501 (83)
381 2417 497 2486 locum
521 2417 616 2485 illum
641 2417 698 2484 ubi
722 2417 766 2484 de
786 2415 962 2501 triumpho
979 2416 1137 2483 Romano
1160 2416 1220 2483 de·

167 2546 236 2611 que
259 2527 410 2594 Palatina
433 2527 529 2596 lauro
553 2531 672 2612 agitur.

210 2635 401 2703 rationibus
417 2635 597 2703 subductis
621 2635 814 2719 colligimus
831 2636 1031 2718 neutiquam
1055 2653 1135 2701 esse
1158 2653 1221 2700 cur

169 2741 339 2810 Ovidium
363 2741 541 2811 Graecum
575 2761 700 2826 poema
721 2743 907 2811 vernacula
939 2742 1052 2826 lingua
1076 2761 1221 2826 expres-

169 2854 259 2920 sisse
282 2851 499 2920 arbitremur.

203 3088 260 3152 (82)
280 3101 345 3141 cum
364 3101 406 3139 vs
425 3086 479 3139 527
498 3085 527 3139 lti
545 3100 649 3139 versus
668 3086 803 3151 componi
823 3092 957 3150 possunt:

217 3171 281 3226 Am.
299 3170 342 3223 111.
359 3171 385 3223 7.
402 3169 439 3223 82
473 3170 501 3221 el
519 3165 621 3222 decuit
638 3168 737 3222 nudos
750 3165 946 3235 proripuisse
960 3167 1062 3234 pedes.

168 3256 283 3309 Metam.
301 3253 345 3307 lV.
363 3253 418 3307 230
471 3251 537 3320 ipse
556 3249 649 3306 timor
665 3249 767 3306 decuit

364 3337 420 3391 330
470 3336 523 3390 sed
541 3338 569 3389 el
587 3332 743 3391 erubuisse
760 3335 881 3390 decebat

290 3419 346 3474 Vll.
364 3420 420 3475 733
470 3420 557 3473 dolor
573 3417 639 3488 ipse
657 3419 778 3474 decebat

318 3504 348 3557 X.
366 3503 419 3557 590
470 3519 579 3557 cursus
595 3502 675 3571 fucit
692 3501 757 3572 ipsa
775 3504 909 3558 decorem

225 3589 296 3643 Fast.
315 3588 348 3641 V.
365 3587 420 3642 608
473 3586 564 3641 lianor
581 3585 646 3656 ipse
663 3586 734 3642 novi
751 3602 844 3641 canosa
861 3584 979 3640 decoris
996 3589 1070 3640 erni.

202 3681 254 3734 sed
273 3682 438 3734 huiusmodi
456 3681 718 3747 comparationibus
736 3694 826 3748 paene
844 3679 915 3732 nihil
929 3678 1058 3746 eflicitur,
1076 3679 1219 3748 siquidem

169 3778 246 3817 unus
268 3778 285 3817 e
305 3779 366 3818 vvs.
384 3763 506 3818 laudatis
529 3763 632 3830 legitur
654 3763 725 3817 Fast.
745 3763 779 3816 V.
795 3762 864 3827 608,
890 3763 938 3817 ubi
961 3760 1084 3817 Ovidius
1106 3762 1219 3816 Moschi

169 3860 273 3901 versus
291 3849 425 3902 imitatur.

204 3938 262 4005 (83)
281 3938 397 3993 Metam.
415 3939 433 3993 1.
451 3940 515 3993 559.

989 4037 1021 4088 3*
