2978 4546
631 385 750 492 (tl)

167 561 274 628 dem?
297 562 425 628 itemne
452 577 497 626 ex
519 557 685 641 Euripide
709 557 857 641 pendeat
880 553 1084 624 scholiastes
1101 552 1221 638 Odys-

167 688 248 737 seae
273 667 375 752 (130)
400 670 458 752 qui
481 667 573 750 dicit,
607 680 791 750 postquam
815 665 859 732 de
882 662 1057 747 Clymene
1079 663 1220 747 Minyae

166 778 233 845 filia
257 796 375 846 sermo
399 776 476 844 luit:
505 776 586 842 ἔνιοι
606 775 642 841 δὲ
663 770 764 859 αὐτὴν
785 771 845 859 τὴν
865 773 1032 857 Κλυμένην
1055 796 1221 860 reparataq-

165 886 270 972 θῇναί
291 905 394 973 φασιν
416 883 513 973 Ἡλίῳ
540 883 576 968 (i.
600 903 630 952 e.
653 883 741 951 hanc
768 882 859 950 illam
890 880 999 950 luisse
1023 879 1221 964 Clymenen

166 1014 255 1079 quae
275 996 477 1078 priusquam
494 993 634 1078 Meropi
651 991 808 1074 nuberet,
830 990 902 1059 Soli
923 988 1115 1075 nupsisset)
1139 991 1175 1068 ἐξ
1190 988 1225 1074 ἧς

168 1107 316 1170 Φαέθων
336 1103 461 1184 ἐγένετο
483 1102 592 1179 nuic?

209 1233 345 1281 summa
368 1233 584 1281 summarum
609 1213 694 1280 haec
717 1211 819 1279 nobis
843 1213 922 1278 erit:
947 1211 991 1277 de
1006 1209 1154 1294 Merope
1179 1211 1225 1276 si-

167 1323 309 1408 quidem
333 1341 504 1406 nusquam
534 1323 663 1390 diserte
693 1321 853 1388 traditum
885 1333 952 1402 est,
985 1319 1043 1386 ubi
1070 1321 1221 1403 primum

167 1434 416 1517 comparuerit,
444 1432 488 1498 de
513 1431 673 1499 Hesiodo
697 1444 754 1497 aut
776 1429 953 1513 Aeschylo
977 1443 1034 1496 aut
1055 1427 1222 1512 Euripide

167 1543 308 1625 cogitari
331 1554 456 1625 potest.
499 1542 591 1624 atqui
614 1539 761 1624 Merops
784 1553 837 1606 est
860 1541 1003 1606 maritus
1028 1535 1221 1621 Clymenes

167 1652 200 1716 in
225 1647 337 1717 iabula
358 1649 492 1734 vulgari
515 1667 603 1733 quae
626 1667 737 1732 acque
760 1648 861 1715 distat
883 1667 901 1714 a
925 1646 1100 1730 tragoedia
1124 1645 1223 1711 Euri·

168 1758 258 1841 pidis
281 1770 383 1842 atque
407 1756 448 1823 ab
472 1756 602 1841 epyllio
630 1754 689 1822 illo
712 1754 961 1822 Alexandrino.
998 1772 1115 1820 nonne
1138 1769 1221 1836 ergo

167 1865 340 1950 aliquanto
357 1864 571 1949 probabilius
584 1863 745 1931 Hesiodo
762 1882 865 1947 quam
879 1860 1056 1945 Aeschylo
1072 1864 1224 1945 assigna·

167 1973 285 2040 bitur?
319 1986 473 2042 ceterum
503 1975 537 2040 in
565 1974 769 2057 quaestione
793 1985 859 2039 tam
883 1969 1014 2038 lubrica
1036 1970 1148 2042 valeat
1170 1990 1224 2038 ar·

167 2081 306 2150 bitrium
331 2100 453 2149 eorum
477 2083 536 2165 qui
559 2083 693 2149 acutius
716 2093 862 2148 cernunt
877 2093 910 2147 et
932 2081 1045 2147 sciunt
1068 2079 1222 2167 meliora.

288 2723 349 2791 DE
383 2722 600 2792 EUROPAE
633 2722 690 2790 ET
723 2720 877 2791 CADMl
910 2721 1092 2792 FABULA

209 2925 414 2992 narrationis
437 2942 521 2992 suae
544 2925 588 2992 de
604 2923 742 3008 Europa
765 2938 799 2991 et
822 2921 960 2993 Cadmo
977 2921 1079 3006 (131)
1105 2938 1218 2991 utrum

166 3035 301 3118 poetica
323 3046 525 3101 ornamenta
548 3035 624 3117 ipse
647 3035 817 3100 invenerit
838 3051 880 3100 an
905 3032 1025 3100 tradita
1047 3034 1220 3115 acceperit

167 3139 330 3224 Ovidius
352 3161 396 3210 ne
419 3161 499 3209 eum
523 3142 663 3224 quidem
687 3143 745 3225 qui
769 3154 840 3208 tum
857 3142 1003 3208 Romani
1024 3153 1146 3224 poetae
1170 3141 1220 3206 in·

165 3253 243 3334 geni
281 3250 418 3334 stllique
455 3251 686 3334 proprietates
727 3263 798 3316 tum
836 3249 1057 3319 Graecorum
1095 3251 1218 3332 poesin

166 3361 364 3426 universam
388 3356 519 3427 Ovidio
542 3360 771 3442 antiquiorem
795 3362 933 3444 penitus
960 3371 1075 3426 mente
1098 3376 1220 3441 perce-

167 3469 267 3550 perit,
300 3466 441 3534 auribus
475 3481 569 3535 recte
592 3468 782 3535 diiudicare
805 3486 912 3552 posse
935 3467 1093 3535 arbitror.
1137 3486 1219 3551 qua·

167 3589 312 3659 propter
335 3579 476 3643 rationis
493 3580 609 3660 potius
626 3579 810 3644 momentis
834 3578 917 3661 quid
941 3579 991 3645 rei
1014 3579 1058 3644 sit
1073 3574 1218 3644 delinire

200 3847 275 3914 (rao)
295 3849 329 3930 aa
348 3848 402 3904 oa.
421 3852 436 3903 t
452 3851 516 3903 235.

201 3940 277 4006 (131)
296 3937 411 3996 Meum.
429 3941 461 3998 11.
478 3943 533 3996 aaa
547 3943 625 3996 -111.
647 3943 704 3996 137.
