2978 4546
687 365 700 470 l
727 367 806 470 tl)

261 536 329 606 ov.
353 539 492 605 Metam.
515 537 566 604 111.
595 543 651 605 15:

419 688 621 743 incustoditam
641 691 719 743 lente
737 689 814 742 videt
832 689 874 742 ire
892 690 1044 743 iuvencam

259 846 375 915 Nonn.
399 847 501 916 Dion.
525 847 578 915 IV.
602 854 689 915 313:

517 997 595 1080 βοός
615 1001 832 1087 βραδυπείθεϊ
852 1002 940 1093 χηλῇ.

261 1213 413 1283 Ovidius
436 1219 500 1284 iter
522 1218 761 1301 descripturus
784 1236 853 1301 quo
877 1216 941 1283 bos
962 1216 1109 1300 Delphis
1130 1216 1269 1284 Thebas

219 1338 426 1408 pervenerat
459 1328 733 1409 expectationem
760 1326 955 1393 auditorum
989 1328 1114 1392 mirum
1138 1327 1171 1391 in
1195 1343 1270 1391 mo-

218 1434 300 1499 dum
325 1432 421 1500 fallit:

259 1649 397 1717 Metam.
421 1649 471 1716 ΙΙΙ.
501 1655 541 1717 19

368 1802 423 1854 iam
442 1802 513 1854 vada
532 1801 652 1868 Cephisi
672 1801 861 1869 Panopesque
881 1810 1010 1856 evaserat
1028 1816 1105 1855 arva:

368 1886 421 1939 bos
439 1886 526 1939 stetit.

259 2082 408 2152 Nonnus
423 2103 509 2151 vero
526 2085 719 2169 pleniorem
736 2087 1005 2170 descriptionem
1022 2089 1154 2153 itineris
1169 2103 1269 2169 prae·

219 2191 275 2258 bet
309 2191 411 2259 Dion.
435 2191 489 2260 IV.
512 2198 710 2276 311-349,
743 2193 801 2260 ubi
832 2197 922 2261 viam
957 2192 1083 2262 iaciunt
1106 2212 1170 2278 per
1191 2195 1267 2262 loca

217 2300 359 2368 haecce:
383 2301 530 2368 Daulida
552 2301 717 2386 Panopen
740 2301 929 2387 Tanagram
954 2301 1154 2373 Coroneam
1172 2302 1268 2370 Hali·

216 2422 313 2476 arton
336 2409 507 2494 Thespias
529 2410 683 2477 Plataeas
708 2408 963 2494 Chaeroneam,

216 2564 287 2626 348
330 2565 382 2624 καὶ
405 2559 483 2639 βοὸς
503 2559 676 2650 ὃμφὴεσσα
696 2560 897 2645 χαμευνάδος
917 2563 1043 2628 ὤκλασε
1064 2559 1151 2648 χηλὴ.

257 2758 399 2829 apparet
431 2747 571 2830 quidem
596 2761 732 2830 poetam
755 2746 1041 2831 Panopolitanum
1069 2749 1102 2813 in
1126 2763 1268 2831 geogra-

215 2854 296 2939 phia
327 2855 494 2922 Boeotiae
528 2873 649 2938 parum
683 2870 858 2923 versatum
892 2854 1010 2923 luisse.
1055 2856 1148 2922 unde
1180 2874 1267 2923 vero

215 2964 300 3031 haec
334 2964 545 3048 oppidorum
580 2967 718 3031 nomina
753 2967 943 3032 corrasisse
967 2964 1165 3031 credendus
1189 2964 1267 3030 est?

216 3074 298 3141 nihil
322 3088 374 3141 est
397 3076 492 3158 quod
516 3074 683 3158 expedire
707 3088 773 3141 tam
797 3072 895 3140 lacile
919 3075 1111 3156 possimus:
1140 3089 1265 3155 nempe

216 3185 259 3250 de
294 3181 405 3250 fabula
430 3181 556 3252 Cadmi
579 3182 705 3249 librum
739 3195 879 3249 secutus
903 3184 1030 3249 seriem
1055 3183 1264 3265 oppidorum

215 3292 374 3375 Delphos
394 3294 483 3358 inter
498 3306 531 3358 et
545 3290 683 3359 Thebas
700 3293 844 3357 sitorum
862 3289 1094 3373 exhibentem,
1117 3307 1266 3375 quorum

216 3403 355 3466 nomina
371 3400 455 3467 haec
472 3413 565 3467 sunt:
590 3398 710 3465 Daulis
726 3398 867 3482 Panope
892 3396 1056 3467 Coronea
1081 3398 1267 3480 Haliartos,

216 3509 375 3576 ordinem
399 3509 559 3574 traditum
576 3509 738 3590 servavit,
760 3508 823 3574 sed
846 3521 1007 3591 quattuor
1029 3510 1174 3590 insuper
1188 3509 1265 3589 ipse

216 3618 346 3684 addidit
368 3619 496 3701 oppida
520 3620 698 3684 notissima
715 3616 829 3701 (135).
874 3631 992 3685 contra
1015 3637 1055 3685 ea
1078 3635 1179 3701 quam
1203 3633 1267 3699 op-

248 3853 323 3919 (135)
343 3853 427 3906 etiam
447 3852 544 3906 Nonni
562 3860 653 3907 aetate
676 3853 808 3906 extabant
825 3852 952 3920 Tanagra
968 3851 1112 3920 Thespiae
1136 3852 1268 3904 Plataeae

216 3935 387 3990 Chaeronea
404 3943 479 3990 teste
497 3935 642 4001 Hierocle,
659 3937 777 4003 synecd.
794 3936 850 3989 643
862 3951 924 4004 sqq.
