2978 4546
627 362 747 466 (nt)

159 532 406 601 Alexandrino.
434 535 497 601 sed
514 553 558 601 ex
574 533 740 618 Euripide
757 530 926 600 Ovidium
944 531 1011 599 hoc
1029 534 1214 599 retinuisse

160 662 204 710 ne
228 643 421 710 credideris
446 641 561 726 (115).

200 772 313 853 itaque
337 772 371 837 in
395 773 505 853 prima
530 783 626 853 parte
650 754 1075 836 narrationis'Ovidianae
1110 767 1214 834 fontis

158 881 285 961 poetici
320 897 384 945 nec
406 877 485 944 vola
509 897 573 945 nec
596 880 779 962 vestigium
809 889 967 960 apparet;
1002 875 1105 943 fontis
1140 895 1214 959 my·

159 986 375 1070 thographici
392 1006 498 1053 unum
524 1000 615 1054 extat
638 987 802 1053 indicium
821 986 1132 1053 evidentissimum.
1166 997 1214 1051 et·

159 1098 252 1162 enim
275 1094 455 1162 Phaethon
480 1110 575 1179 rogat
598 1114 723 1162 currus
747 1109 927 1179 paternos:

157 1315 188 1367 ll.
206 1316 242 1368 48
277 1312 369 1382 inque
387 1312 467 1366 diem
485 1313 630 1380 alipedum
650 1314 695 1367 ius
715 1322 743 1366 et
761 1314 948 1367 moderamen
968 1325 1118 1378 equorum.

200 1532 268 1599 hoc
291 1550 361 1598 non
385 1533 529 1614 petitum
554 1550 633 1598 esse
668 1549 686 1597 e
710 1544 869 1614 poemate
893 1529 1129 1597 Alexandrino
1154 1529 1213 1596 de·

156 1655 348 1708 monstrant
362 1660 414 1707 vs.
430 1645 477 1706 80
490 1659 564 1724 sqq.
589 1639 646 1707 ubi
664 1638 828 1707 Phoebus
845 1638 950 1705 lilium
968 1641 1063 1722 signa
1079 1638 1211 1704 zodiaci

157 1767 281 1816 cavere
312 1748 416 1830 iubet,
450 1751 548 1832 quasi
579 1767 730 1815 annuum
766 1751 830 1815 iter
857 1763 950 1815 esset
974 1746 1135 1814 facturus.
1180 1760 1212 1813 at

157 1855 341 1923 socordiae
374 1854 526 1921 hominis
559 1854 687 1939 aliquid
720 1855 871 1921 dandum
901 1867 962 1921 est.
1007 1872 1077 1920 non
1112 1871 1210 1937 nego.

156 1966 220 2032 sed
254 1964 378 2031 collato
413 1963 573 2031 Diodoro
609 1962 724 2046 (tto),
760 1965 852 2047 apud
889 1983 993 2047 quem
1031 1962 1210 2030 Phaethon

156 2095 281 2143 currus
315 2088 479 2158 paternos
511 2080 592 2159 μίαν
624 2071 741 2161 ἡμέραν
775 2073 915 2156 obtinet,
949 2087 982 2140 et
1010 2073 1143 2140 scholio
1168 2074 1210 2140 ad

156 2182 343 2268 Odysseae
355 2209 373 2270 ρ
384 2189 456 2250 208
470 2182 503 2265 (1
515 2180 585 2266 17),
600 2186 714 2267 quivis
732 2203 821 2250 unus
837 2186 1026 2268 perspiciet
1039 2181 1207 2251 Ovidium

155 2313 257 2360 suum
280 2294 316 2356 iu
340 2293 428 2357 diem
452 2311 522 2359 non
545 2293 802 2376 imprudentem
827 2291 997 2358 adiecisse
1020 2291 1084 2357 sed
1100 2303 1209 2357 trans·

156 2402 276 2470 tulisse
311 2422 330 2469 e
364 2405 560 2470 narratione
595 2401 837 2486 mythographi
876 2401 1057 2467 cuiusdam
1094 2398 1208 2482 (118).

188 2717 263 2783 (115)
282 2717 398 2770 Knaack
417 2717 434 2768 l.
453 2717 471 2768 l.
489 2731 514 2782 p.
534 2718 578 2769 28,

188 2807 422 2875 ssfflhssz

188 2898 264 2966 (117)
283 2896 324 2952 ἐπ’
344 2895 449 2966 ὀλίγον.

187 2991 262 3058 (118)
280 2992 403 3060 graviter
426 3004 520 3044 errare
539 2991 609 3045 mihi
628 2992 741 3044 videtur
766 2991 855 3044 lulius
874 2990 997 3058 prken
1016 2993 1208 3043 narrationem

154 3075 325 3130 Ovidianam
339 3076 526 3129 adulteratam
540 3089 607 3129 esse
621 3083 698 3128 ratus
708 3090 724 3128 a
734 3075 848 3129 duobus
860 3075 938 3139 viris
951 3088 1074 3142 quorum
1087 3075 1208 3126 alterum

152 3168 353 3225 correctorem,
371 3160 492 3213 alterum
513 3159 746 3227 interpolatorem
766 3158 890 3225 appellat
907 3157 1085 3224 (Progtamm
1099 3156 1208 3211 Emden

157 3243 238 3297 1899:
265 3244 311 3296 die
337 3242 421 3296 Fahrt
446 3243 499 3296 des
518 3242 676 3295 Phaethon,
710 3241 798 3308 ovid,
825 3240 941 3295 Metam.
968 3241 1002 3294 ll.
1031 3240 1157 3307 1—400).
1193 3255 1209 3294 e

153 3327 368 3395 quadringentis
390 3327 467 3380 enim
486 3327 620 3380 versibus
639 3334 755 3379 centum
775 3334 802 3380 et
821 3327 975 3392 nonaginta
998 3340 1056 3378 uno
1077 3326 1209 3391 sublatis,

153 3411 272 3478 reliquis
290 3424 359 3463 vero
381 3425 433 3476 pro
451 3410 525 3464 virili
544 3418 623 3477 parte
641 3411 814 3464 coniecturis
842 3410 1002 3477 persanatis
1020 3410 1139 3473 scilicet,
1166 3410 1208 3463 sic

153 3495 271 3548 demum
298 3508 401 3562 poema
420 3492 595 3548 Ouidianum
623 3495 651 3547 in
679 3495 833 3560 pristinum
855 3502 961 3547 statum
990 3508 1024 3547 se
1041 3493 1207 3548 restituisse

152 3579 310 3632 arbitratur.
346 3578 493 3632 contendit
516 3587 612 3631 autem
632 3576 769 3631 Ovidium
795 3579 884 3645 probe
903 3579 1050 3644 cognitum
1069 3578 1206 3631 habuisse

152 3670 180 3714 et
198 3661 392 3730 descripsisse
405 3662 517 3715 caelum
536 3661 716 3716 homericum
736 3662 821 3729 quale
833 3660 937 3715 Crates
956 3661 984 3714 id
998 3676 1068 3715 esse
1085 3661 1209 3715 voluerit

152 3746 169 3798 i.
188 3759 211 3798 e.
231 3746 315 3812 quale
338 3760 438 3799 revera
456 3745 543 3800 luerit
564 3760 638 3800 saec.
657 3744 717 3798 XIV
735 3762 759 3799 a.
778 3744 813 3799 C.
831 3761 858 3799 n,
876 3745 914 3813 (p.
932 3746 989 3810 23),
1015 3753 1206 3799 correctorem

152 3837 247 3882 autem
278 3839 344 3897 post
371 3829 527 3884 Ptolemaei
557 3830 712 3898 geographi
742 3838 863 3884 aetatem
891 3830 1000 3884 vixisse
1027 3842 1152 3894 eumque
1179 3827 1206 3880 id

153 3913 250 3979 egisse
269 3923 299 3966 ut
318 3913 429 3966 caelum
448 3915 482 3967 ad
502 3922 623 3968 aetatem
642 3912 728 3967 Ovidi
747 3915 987 3977 accommodaret,
1011 3909 1205 3978 interpolatori

970 4012 1005 4066 4*
