2978 4546
612 363 731 472 (⁴⁹)

151 538 252 621 plane
276 539 400 606 codem
425 539 531 605 modo
555 537 778 604 iudicandum
802 554 882 602 esse
904 535 1043 602 videtur
1065 535 1109 602 de
1125 554 1203 602 ver·

151 645 247 715 sibus
271 645 405 714 iabulae
428 647 472 713 de
495 645 711 713 Phaethonte
734 664 845 730 paene
869 644 1016 711 ultimis:

151 854 173 906 ii
193 854 250 908 396
503 855 611 909 missos
630 869 745 922 quoque
763 853 889 921 luppiter
905 853 988 920 ignes

301 946 420 991 excusat
437 939 630 1006 precibusque
648 937 742 991 minas
761 938 894 1005 regaliter
911 936 988 990 addit
1006 936 1072 1003 (90).

193 1168 295 1238 atque
318 1154 403 1222 haec
427 1155 567 1238 quidem
591 1154 767 1222 hactenus.
811 1154 1018 1221 accedamus
1040 1155 1083 1222 ad
1100 1168 1205 1222 meta·

152 1262 373 1348 morphoses.
429 1262 596 1331 Heliades
633 1264 725 1347 apud
755 1276 892 1346 poetam
930 1262 1203 1331 Alexandrinum

152 1386 297 1439 mutatas
314 1371 423 1440 iuisse
439 1370 619 1456 probabile
635 1385 698 1455 est,
714 1391 791 1438 cum
806 1373 907 1439 etiam
920 1371 1069 1439 Nonnus
1085 1391 1204 1456 quam·

152 1501 254 1566 quam
278 1501 348 1549 non
372 1483 438 1549 nisi
455 1480 681 1549 Phaethontis
704 1500 786 1549 ausa
809 1495 1009 1548 narraturus
1032 1496 1146 1549 tamen
1170 1483 1203 1547 in

151 1589 219 1658 fine
242 1589 352 1658 tribus
374 1590 536 1658 versibus
560 1590 727 1658 Heliades
758 1593 792 1656 in
821 1588 966 1658 arbores
993 1589 1119 1658 abiisse
1142 1591 1205 1657 do·

153 1714 227 1767 ceat
250 1697 365 1782 (100).
410 1713 514 1768 restat
540 1719 607 1766 una
631 1697 745 1784 Cycni
773 1699 1076 1782 metamorphosis.
1116 1697 1204 1765 hanc

153 1807 349 1875 Knaachius
377 1826 446 1875 non
471 1827 489 1875 c
513 1806 607 1875 ionte
631 1809 808 1875 communi
831 1807 948 1874 Nonni
972 1821 1072 1890 atque
1096 1804 1204 1874 Ovidi

154 1918 361 2000 provenisse
404 1930 515 2000 putat,
556 1917 618 1983 sed
660 1935 679 1983 e
713 1914 888 1983 Phanocle
925 1935 1028 2000 quem
1066 1935 1204 1983 amores

154 2022 268 2108 Cycni
293 2038 326 2092 et
340 2022 565 2092 Phaethontis
589 2038 753 2093 tractasse
776 2038 919 2092 testatur
933 2023 1127 2100 Lactantius
1150 2024 1204 2092 his

152 2132 270 2201 verbis
294 2147 498 2218 argumento
521 2133 655 2202 fabulae
678 2134 886 2201 subiunctis:
918 2136 988 2214 „sic
1011 2133 1204 2201 Phanocles

151 2246 185 2309 in
210 2242 478 2327 Cupidinibus“.
522 2244 603 2311 vide
627 2257 740 2311 tamen
763 2263 807 2311 ne
830 2245 911 2311 inde
934 2244 1099 2310 audacius
1123 2240 1205 2310 effe-

150 2354 236 2420 cerit
277 2351 473 2420 Knaackius
508 2351 610 2437 (101)
642 2352 853 2421 Phanoclem
885 2350 993 2421 Ovidi
1027 2366 1203 2420 auctorem

151 2459 270 2529 iuisse.
316 2460 466 2529 Lactanti
490 2464 582 2529 enim
606 2463 779 2529 adnotatio
802 2463 905 2530 docet
937 2460 1025 2529 hanc
1056 2458 1203 2527 iabulam

152 2571 307 2637 extitisse
337 2571 429 2653 apud
463 2568 686 2653 Phanoclem,
726 2569 810 2638 nihil
844 2569 941 2637 ultra.
995 2583 1096 2652 atque
1130 2566 1204 2636 lieri

152 2695 235 2743 sane
262 2691 386 2761 potest,
420 2691 456 2743 ut
479 2676 674 2745 Phanocles
705 2681 738 2744 in
762 2676 874 2745 fabula
897 2677 942 2744 de
966 2674 1091 2760 Cycno
1125 2675 1204 2744 ions

153 2782 257 2851 iuetit
283 2797 407 2869 poetae
431 2782 656 2852 Alexandrini
691 2805 735 2853 ex
767 2804 836 2870 quo
870 2787 1020 2869 pendeat
1043 2783 1205 2870 Ovidius,

153 2894 267 2976 ipsum
301 2910 388 2958 vero
420 2888 588 2959 Ovidium
622 2891 832 2960 Phanoclem
866 2890 1067 2961 adhibuisse
1101 2913 1204 2961 nemo

256 3126 388 3180 Troades
406 3122 565 3194 excipiunt
583 3124 812 3194 deploratosque
829 3126 984 3178 recensent

251 3207 431 3264 Priamidas
449 3210 478 3263 ei
495 3206 571 3278 quid
588 3206 706 3264 dederit
723 3208 831 3263 doinus
848 3222 911 3261 unu
928 3205 1048 3262 cruoris

253 3294 338 3362 teque
354 3295 488 3363 oemunt,
505 3290 601 3362 virqo,
620 3295 704 3362 ioque
723 3292 844 3347 omorio
861 3290 948 3362 rapio
965 3289 1100 3346 coniunac

253 3375 339 3446 repta
356 3375 441 3432 dicio
453 3392 578 3446 parens,
596 3375 687 3431 Asiae
704 3374 841 3445 florentia
859 3374 960 3445 imaqo
978 3378 1030 3430 etr.

152 3521 180 3566 et
198 3512 330 3581 inprimis
349 3526 392 3565 vs.
409 3511 477 3565 492:
513 3511 655 3578 (Hecuba)

248 3629 344 3698 plora
362 3626 493 3697 quidem,
511 3627 564 3682 sed
581 3630 610 3682 et
627 3627 697 3682 haec
716 3625 832 3682 laniato
844 3631 966 3696 pectore
984 3626 1077 3683 dixit,

202 3745 262 3812 (09)
281 3761 306 3799 ν.
326 3745 443 3800 Knaacit
462 3745 479 3798 l.
498 3746 516 3799 i.
534 3760 561 3813 p.
578 3745 614 3798 47
628 3759 671 3812 sq.

188 3835 263 3903 (100)
283 3836 368 3891 Dion.
385 3836 529 3890 xxxviii.
546 3837 600 3890 432
613 3852 676 3905 sqq.

188 3926 266 3993 (101)
286 3927 338 3982 11.
358 3944 384 3997 p.
401 3930 445 3982 63.
