2978 4546
680 352 800 460 (tt)

259 528 384 612 quodsi
419 529 496 610 quis
520 527 663 609 requirit
686 527 824 609 quinam
853 527 920 591 sint
954 524 1020 590 loci
1044 527 1266 606 scriptorum,

217 656 235 702 e
270 636 395 720 quibus
430 633 707 701 immerwahrius
744 636 948 701 sententiam
983 651 1080 699 suam
1119 634 1266 716 petierit,

217 764 299 813 ecce
323 748 381 828 qui
405 743 496 827 apud
520 746 634 827 ipsum
658 742 863 811 afferuntur:

257 870 332 938 Nic.
355 869 454 936 Dam.
478 869 540 953 lrg.
564 873 620 936 43.
664 869 760 937 Suid.
793 889 820 936 s.
844 888 875 935 v.
898 866 1050 934 Λυκάων.
1105 867 1197 933 Eust.
1221 867 1263 932 ad

215 979 250 1046 ll.
274 979 314 1045 B.
343 985 424 1047 608.
448 999 480 1064 p.
501 986 583 1048 302.
626 980 740 1048 Tzetz.
763 980 844 1064 Lye.
869 985 949 1046 481.
983 977 1262 1046 Pseudo-Hecat.

216 1089 307 1172 apud
330 1089 405 1155 Nat.
430 1088 532 1158 Com.
555 1089 609 1156 IX.
632 1095 665 1156 9.
704 1089 831 1173 Hygin.
855 1088 919 1157 lab.
941 1094 1019 1155 176.
1045 1086 1143 1155 Serv.
1158 1085 1263 1170 Verg.

215 1197 270 1264 VI.
293 1204 350 1264 41.

257 1344 276 1390 e
310 1325 436 1408 quibus
472 1325 540 1390 duo
575 1328 683 1390 omitti
718 1339 864 1408 possunt
902 1327 980 1407 quia
1018 1327 1144 1390 ceteris
1183 1340 1265 1390 con-

216 1435 375 1499 tinentur.
393 1436 518 1499 etenim
535 1432 660 1500 Suidas
673 1436 858 1517 exscripsit
873 1432 1055 1500 Nicolaum
1069 1447 1102 1498 et
1116 1431 1265 1500 Tzetzen

216 1543 235 1607 l.
259 1540 280 1607 l.
305 1540 362 1607 ubi
396 1542 485 1609 duae
519 1542 621 1608 huius
653 1541 786 1609 fabulae
810 1541 937 1626 figurae
961 1555 1086 1623 extant,
1120 1559 1264 1626 quarum

216 1653 326 1735 prima
349 1670 440 1718 nunc
464 1653 682 1735 respicienda
706 1667 767 1735 est,
791 1652 879 1718 male
903 1654 1118 1718 contraxisse
1142 1649 1265 1717 biblio-

216 1761 349 1827 thecam
371 1759 561 1827 verborum
585 1775 774 1828 concentus
798 1763 909 1828 docet.

257 1885 628 1953 Pseudo-Hecataeum
653 1906 792 1971 quoque
808 1889 900 1971 apud
916 1887 1071 1954 Natalem
1089 1884 1264 1954 Comitem

216 1994 399 2078 neglegere
423 1993 473 2061 las
497 2010 558 2061 est.

258 2119 387 2203 Hygini
421 2118 534 2185 fabula
568 2139 637 2185 non
662 2121 762 2202 plane
787 2124 948 2186 convenit
976 2139 1054 2186 cum
1078 2118 1185 2201 ligura
1209 2118 1264 2183 illa

217 2227 405 2294 Hesiodea.
450 2227 543 2293 addit
566 2231 657 2293 enim
680 2227 797 2294 lovem
822 2228 972 2310 hospitio
997 2241 1174 2308 receptum
1198 2226 1265 2309 Ly-

215 2338 332 2403 caonis
368 2334 470 2403 filiam
514 2333 658 2404 Callisto
700 2338 955 2420 compressisse
993 2334 1262 2419 Lycaonemque

216 2448 249 2511 in
273 2444 345 2528 lupi
368 2442 510 2528 figuram
535 2457 699 2511 mutatum
724 2463 814 2527 esse,
841 2463 943 2529 quam
967 2443 1263 2527 metamorphosin

216 2553 492 2620 lmmerwahrius
509 2555 604 2620 alteri
621 2553 754 2621 fabulae
772 2553 898 2637 figurae
915 2556 1073 2637 assignat.
1110 2553 1264 2619 hortatus

216 2662 355 2745 quidem
394 2676 446 2729 est
486 2661 764 2729 Immerwahrius
805 2664 909 2746 idque
946 2664 1131 2729 verissime
1173 2661 1265 2745 apud

217 2771 489 2854 mytnographos
527 2774 732 2839 recentioris
769 2774 845 2838 aevi
883 2773 1102 2838 commisceri
1140 2774 1264 2836 omnia.

216 2880 362 2963 quodsi
385 2879 452 2946 hoc
475 2880 553 2946 loco
571 2879 695 2947 lactum
719 2883 772 2962 sit,
796 2880 963 2947 concedat
986 2897 1068 2963 ergo
1092 2880 1179 2947 adeo
1196 2893 1266 2944 tur-

216 2989 330 3055 batum
366 3007 444 3056 esse
477 3004 514 3055 ut
536 2991 734 3056 testimonio
759 2988 888 3071 Hygini
923 2991 957 3054 in
992 3007 1029 3054 re
1057 2990 1193 3070 ancipiti
1218 2990 1264 3051 uri

218 3116 286 3165 non
311 3101 500 3181 possimus.

258 3238 359 3307 atque
392 3225 484 3290 idem
518 3221 592 3289 fere
626 3223 754 3289 dictum
788 3238 862 3290 esto
887 3225 929 3290 de
953 3222 1077 3290 Servio
1100 3225 1158 3306 qui
1181 3222 1266 3288 haec

217 3331 335 3398 habet:

260 3455 396 3536 „iovem
430 3455 639 3540 Lycaonem,
676 3459 771 3542 quod
808 3463 839 3527 ei
877 3459 984 3525 lilium
1018 3478 1121 3525 suum
1158 3473 1266 3540 appo-

218 3568 346 3632 suisset
389 3565 610 3648 epulandum‚
654 3569 768 3650 ipsum
814 3569 954 3652 quidem
1000 3567 1142 3634 fulmine
1187 3583 1266 3648 per-

218 3676 381 3756 cussisse,
405 3673 530 3742 fecisse
553 3694 640 3743 vero
664 3677 843 3744 diluvium.
866 3726 873 3741 .
897 3679 925 3742 .“

260 3801 337 3849 nam
360 3780 466 3848 filium
490 3786 644 3850 occisum
661 3783 937 3852 Immerwaltrius
954 3797 1150 3867 postremae
1167 3786 1265 3850 aetati

218 3889 343 3956 tribuit.
