2978 4546
687 345 807 456 (⁸⁰)

216 527 283 594 iam
306 542 376 593 non
399 525 432 591 in
457 521 611 607 Cretam,
633 521 697 591 sed
719 523 754 589 in
777 519 960 590 Boeotiam
984 519 1167 589 deductam
1191 539 1275 589 esse

216 630 369 702 finxisse.

258 744 468 810 revertimur
489 742 533 810 ad
549 740 719 811 Ovidium
743 754 777 809 et
798 740 975 809 Nonnum.
1019 757 1168 825 quorum
1191 759 1274 808 auc·

216 857 326 919 torem
354 851 421 919 iam
442 865 479 920 et
500 853 615 936 ipsum
636 849 786 920 iabulam
806 850 986 935 vulgarem
1009 863 1167 919 secutum
1191 867 1273 918 esse

215 960 441 1045 perspicuum
478 973 539 1029 est.
583 979 662 1029 nam
695 962 901 1029 narrationis
934 973 1035 1028 tenor
1067 971 1158 1027 totus
1185 977 1273 1027 con·

216 1069 298 1136 cinit
321 1085 400 1136 cum
424 1067 685 1154 mythographis
708 1067 972 1137 recentioribus.
1015 1068 1111 1136 velut
1143 1087 1163 1136 e
1186 1069 1273 1137 deo·

216 1195 293 1245 rum
335 1195 482 1245 numero
525 1175 662 1247 Cadmo
703 1175 844 1246 affuisse
884 1177 1080 1246 Minervam
1117 1175 1271 1246 Ovidius

215 1285 424 1355 bibliotheca
447 1285 654 1372 Apollodori
678 1286 841 1372 Hyginus
863 1286 1014 1356 Nonnus
1031 1284 1145 1371 (185),
1167 1289 1273 1372 parti·

215 1394 281 1463 bus
315 1414 401 1480 quas
423 1393 648 1480 Pherecydes
682 1409 716 1463 et
749 1394 952 1464 Hellanicus
983 1396 1084 1463 Marti
1116 1395 1272 1465 tribuunt

217 1505 369 1587 omissis,
391 1501 485 1572 fideli
508 1505 696 1573 concordia
712 1517 880 1573 testantur
894 1523 1030 1574 omnes.
1067 1524 1133 1573 una
1156 1519 1272 1574 tamen

215 1613 363 1682 notanda
380 1626 433 1681 est
449 1610 652 1682 differentia.
685 1613 817 1681 scilicet
833 1613 990 1683 narrabat
1006 1628 1107 1699 poeta
1121 1613 1272 1683 Alexan·

216 1723 337 1791 drinus
361 1719 536 1791 Cadmum
559 1722 686 1793 bovem
710 1741 780 1791 non
803 1725 838 1791 in
860 1722 1016 1791 Phocide
1042 1742 1061 1790 a
1083 1722 1271 1807 Pelagonte

215 1834 354 1915 emisse,
377 1832 441 1900 sed
464 1834 577 1901 statim
600 1831 748 1918 Delphis
772 1830 962 1900 offendisse
986 1830 1101 1916 (186).
1145 1851 1211 1917 qua
1235 1835 1270 1900 in

215 1959 253 2009 re
287 1946 458 2010 consentit
491 1960 570 2010 cum
593 1941 780 2028 hypothesi
803 1940 1075 2010 Phoenissarum
1100 1939 1202 2026 (187)
1237 1956 1271 2010 et

214 2048 400 2117 scholiaste
417 2049 583 2135 Aeschyli
600 2048 715 2134 (188),
739 2063 776 2118 ut
791 2063 926 2119 constet
948 2069 1028 2118 eum
1052 2069 1096 2119 ne
1111 2049 1179 2118 hoc
1194 2052 1271 2135 qui·

217 2158 296 2225 dem
320 2157 410 2226 ultro
433 2161 621 2241 invenisse,
655 2159 734 2227 iicet
757 2159 839 2227 iilud
864 2161 1036 2245 antiquius
1059 2161 1112 2227 sit.
1156 2162 1271 2244 itaque

217 2264 301 2333 nihil
336 2268 452 2350 ipsum
477 2269 664 2335 innovasse
687 2283 829 2352 apparet
862 2271 927 2337 nisi
953 2268 1021 2336 hoc
1045 2287 1151 2336 unum
1174 2269 1271 2353 quod

217 2376 287 2442 duo
322 2373 655 2460 mythographorum
689 2379 884 2445 testimonia
918 2380 1007 2446 inter
1038 2397 1077 2446 se
1101 2378 1271 2446 contraria

217 2485 406 2567 coniunxit,
430 2483 487 2551 ubi
505 2481 677 2553 Cadmum
701 2499 734 2554 et
757 2486 879 2555 molari
903 2499 936 2554 et
951 2484 1045 2554 ferro
1062 2500 1271 2571 pugnantem

216 2592 304 2660 fecit.

249 2908 327 2977 (185)
346 2910 399 2965 Ον.
412 2911 528 2966 Metam.
541 2911 583 2966 ill.
599 2913 646 2967 101
659 2928 722 2982 sqq.
745 2914 811 2968 bibl.
825 2912 920 2981 Apoll.
932 2913 974 2968 ill.
986 2914 1030 2966 23.
1053 2914 1124 2982 Hyg.
1140 2913 1194 2968 lab.
1210 2913 1271 2967 178.

217 2992 313 3048 Nonn.
332 2994 417 3050 Dion.
436 2993 483 3048 1v.
501 2997 557 3052 389
569 3012 632 3066 sqq.

248 3091 324 3161 (186)
342 3087 459 3151 Metam.
477 3096 520 3152 111.
541 3099 573 3152 15
587 3111 631 3167 sq.
658 3099 753 3154 Nonn.
771 3098 816 3153 lv.
834 3099 886 3153 311
902 3113 945 3167 sq.

248 3194 324 3264 (187)
341 3198 411 3266 βοῦν
428 3198 458 3252 δὲ
477 3200 540 3252 κατὰ
557 3192 641 3271 τύχην
657 3195 754 3271 stipula.

247 3296 324 3365 (188)
342 3297 377 3352 ttd
395 3297 474 3368 Sept.
491 3299 559 3355 469:
585 3296 599 3352 ὅ
618 3298 648 3353 δὲ
666 3300 731 3359 θεὸς
747 3302 821 3353 εἶπεν
837 3298 907 3370 αὐτῷ
928 3300 994 3365 μετὰ
1015 3299 1041 3353 ω’
1063 3296 1117 3354 ἀπὸ
1136 3300 1179 3352 τοῦ
1197 3301 1272 3370 ἱεροῦ

214 3377 331 3441 (ξελθεῖν
346 3383 382 3452 τῷ
399 3380 533 3452 stipadium
551 3378 719 3435 ἀκολουθεῖν.
749 3380 846 3454 εὑρέθη
863 3386 940 3447 βοῦς·
963 3380 1109 3450 ἠκολούθει.
