<?xml version="1.0" encoding="UTF-8"?>
<!DOCTYPE html PUBLIC "-//W3C//DTD XHTML 1.0 Transitional//EN"
    "http://www.w3.org/TR/xhtml1/DTD/xhtml1-transitional.dtd">
<html xmlns="http://www.w3.org/1999/xhtml" xml:lang="en" lang="en">
 <head>
  <title>
</title>
<meta http-equiv="Content-Type" content="text/html;charset=utf-8" />
  <meta name='ocr-system' content='tesseract 3.04.00' />
  <meta name='ocr-capabilities' content='ocr_page ocr_carea ocr_par ocr_line ocrx_word'/>
</head>
<body>
  <div class='ocr_page' id='page_1' title='image "./deovidimythopoe00vollgoog_0041.png"; bbox 0 0 2978 4546; ppageno 0'>
   <div class='ocr_carea' id='block_1_1' title="bbox 761 369 881 477">
    <p class='ocr_par' dir='ltr' id='par_1_1' title="bbox 761 369 881 477">
     <span class='ocr_line' id='line_1_1' title="bbox 761 369 881 477; baseline 0.017 -2"><span class='ocrx_word' id='word_1_1' title='bbox 761 369 881 477; x_wconf 82' lang='lat' dir='ltr'><strong>(tt)</strong></span> 
     </span>
    </p>
   </div>
   <div class='ocr_carea' id='block_1_2' title="bbox 293 542 1349 1929">
    <p class='ocr_par' dir='ltr' id='par_1_2' title="bbox 293 542 1349 1929">
     <span class='ocr_line' id='line_1_2' title="bbox 294 542 1346 623; baseline -0.006 -12"><span class='ocrx_word' id='word_1_2' title='bbox 294 547 451 612; x_wconf 90' lang='lat' dir='ltr'><strong>cinorum</strong></span> <span class='ocrx_word' id='word_1_3' title='bbox 475 542 735 610; x_wconf 85' lang='lat' dir='ltr'>Messeniorum</span> <span class='ocrx_word' id='word_1_4' title='bbox 765 559 868 607; x_wconf 89' lang='lat' dir='ltr'><strong>causa</strong></span> <span class='ocrx_word' id='word_1_5' title='bbox 895 543 1080 608; x_wconf 85' lang='lat' dir='ltr'><strong>stetissent.</strong></span> <span class='ocrx_word' id='word_1_6' title='bbox 1125 558 1238 623; x_wconf 89' lang='lat' dir='ltr'><strong>neque</strong></span> <span class='ocrx_word' id='word_1_7' title='bbox 1260 557 1346 605; x_wconf 91' lang='lat' dir='ltr'><strong>vero</strong></span> 
     </span>
     <span class='ocr_line' id='line_1_3' title="bbox 293 646 1346 737; baseline -0.008 -17"><span class='ocrx_word' id='word_1_8' title='bbox 293 652 496 737; x_wconf 92' lang='lat' dir='ltr'><strong>Triphylios</strong></span> <span class='ocrx_word' id='word_1_9' title='bbox 519 650 693 718; x_wconf 94' lang='lat' dir='ltr'><strong>obnoxios</strong></span> <span class='ocrx_word' id='word_1_10' title='bbox 716 652 892 734; x_wconf 86' lang='lat' dir='ltr'><strong>quievisse</strong></span> <span class='ocrx_word' id='word_1_11' title='bbox 909 649 1011 716; x_wconf 90' lang='lat' dir='ltr'><strong>docet</strong></span> <span class='ocrx_word' id='word_1_12' title='bbox 1025 647 1251 731; x_wconf 88' lang='lat' dir='ltr'><strong>Thucydides</strong></span> <span class='ocrx_word' id='word_1_13' title='bbox 1268 646 1346 729; x_wconf 82' lang='lat'><strong>(47)</strong></span> 
     </span>
     <span class='ocr_line' id='line_1_4' title="bbox 293 754 1347 845; baseline -0.008 -17"><span class='ocrx_word' id='word_1_14' title='bbox 293 764 352 845; x_wconf 89' lang='lat' dir='ltr'><strong>qui</strong></span> <span class='ocrx_word' id='word_1_15' title='bbox 380 773 495 827; x_wconf 90' lang='lat' dir='ltr'><strong>narrat</strong></span> <span class='ocrx_word' id='word_1_16' title='bbox 520 758 722 843; x_wconf 89' lang='lat' dir='ltr'><strong>Lepreatas‚</strong></span> <span class='ocrx_word' id='word_1_17' title='bbox 756 776 834 824; x_wconf 90' lang='lat' dir='ltr'><strong>cum</strong></span> <span class='ocrx_word' id='word_1_18' title='bbox 868 760 910 824; x_wconf 91' lang='lat' dir='ltr'><strong>iis</strong></span> <span class='ocrx_word' id='word_1_19' title='bbox 933 757 1005 824; x_wconf 90' lang='lat' dir='ltr'><strong>Elei</strong></span> <span class='ocrx_word' id='word_1_20' title='bbox 1039 756 1198 840; x_wconf 90' lang='lat' dir='ltr'><strong>aliqando</strong></span> <span class='ocrx_word' id='word_1_21' title='bbox 1233 754 1347 837; x_wconf 78' lang='grc' dir='ltr'><strong>(ποτέ)</strong></span> 
     </span>
     <span class='ocr_line' id='line_1_5' title="bbox 294 862 1347 954; baseline -0.006 -18"><span class='ocrx_word' id='word_1_22' title='bbox 294 882 412 936; x_wconf 90' lang='lat' dir='ltr'><strong>contra</strong></span> <span class='ocrx_word' id='word_1_23' title='bbox 428 868 584 936; x_wconf 84' lang='lat' dir='ltr'><strong>Arcades</strong></span> <span class='ocrx_word' id='word_1_24' title='bbox 608 868 778 951; x_wconf 90' lang='lat' dir='ltr'><strong>quosdam</strong></span> <span class='ocrx_word' id='word_1_25' title='bbox 803 864 903 954; x_wconf 74' lang='grc' dir='ltr'><strong>(πρὸς</strong></span> <span class='ocrx_word' id='word_1_26' title='bbox 919 863 1095 952; x_wconf 57' lang='lat' dir='ltr'><strong>’Amator</strong></span> <span class='ocrx_word' id='word_1_27' title='bbox 1115 862 1218 946; x_wconf 78' lang='grc' dir='ltr'><strong>τινάς)</strong></span> <span class='ocrx_word' id='word_1_28' title='bbox 1243 882 1347 948; x_wconf 92' lang='lat' dir='ltr'><strong>opem</strong></span> 
     </span>
     <span class='ocr_line' id='line_1_6' title="bbox 293 971 1347 1059; baseline -0.005 -15"><span class='ocrx_word' id='word_1_29' title='bbox 293 976 464 1059; x_wconf 89' lang='lat' dir='ltr'><strong>tulissent,</strong></span> <span class='ocrx_word' id='word_1_30' title='bbox 499 994 543 1042; x_wconf 89' lang='lat' dir='ltr'><strong>ex</strong></span> <span class='ocrx_word' id='word_1_31' title='bbox 576 975 635 1042; x_wconf 94' lang='lat' dir='ltr'><strong>illo</strong></span> <span class='ocrx_word' id='word_1_32' title='bbox 670 988 828 1059; x_wconf 89' lang='lat' dir='ltr'><strong>tempore</strong></span> <span class='ocrx_word' id='word_1_33' title='bbox 862 974 934 1041; x_wconf 89' lang='lat' dir='ltr'><strong>lovi</strong></span> <span class='ocrx_word' id='word_1_34' title='bbox 958 971 1150 1057; x_wconf 88' lang='lat' dir='ltr'><strong>Olympico</strong></span> <span class='ocrx_word' id='word_1_35' title='bbox 1184 973 1347 1040; x_wconf 87' lang='lat' dir='ltr'><strong>talentum</strong></span> 
     </span>
     <span class='ocr_line' id='line_1_7' title="bbox 293 1081 1348 1168; baseline -0.002 -17"><span class='ocrx_word' id='word_1_36' title='bbox 293 1103 446 1151; x_wconf 92' lang='lat' dir='ltr'><strong>annuum</strong></span> <span class='ocrx_word' id='word_1_37' title='bbox 470 1083 630 1151; x_wconf 86' lang='lat' dir='ltr'><strong>solvisse.</strong></span> <span class='ocrx_word' id='word_1_38' title='bbox 674 1084 770 1168; x_wconf 95' lang='lat' dir='ltr'><strong>quod</strong></span> <span class='ocrx_word' id='word_1_39' title='bbox 797 1102 876 1149; x_wconf 94' lang='lat' dir='ltr'><strong>cum</strong></span> <span class='ocrx_word' id='word_1_40' title='bbox 900 1084 997 1150; x_wconf 96' lang='lat' dir='ltr'><strong>initio</strong></span> <span class='ocrx_word' id='word_1_41' title='bbox 1021 1081 1101 1150; x_wconf 92' lang='lat' dir='ltr'><strong>belli</strong></span> <span class='ocrx_word' id='word_1_42' title='bbox 1125 1081 1348 1166; x_wconf 90' lang='lat' dir='ltr'><strong>Peloponne-</strong></span> 
     </span>
     <span class='ocr_line' id='line_1_8' title="bbox 293 1191 1348 1275; baseline -0.003 -15"><span class='ocrx_word' id='word_1_43' title='bbox 293 1196 377 1260; x_wconf 91' lang='lat' dir='ltr'><strong>siaci</strong></span> <span class='ocrx_word' id='word_1_44' title='bbox 401 1192 515 1260; x_wconf 90' lang='lat' dir='ltr'><strong>lacere</strong></span> <span class='ocrx_word' id='word_1_45' title='bbox 546 1193 743 1275; x_wconf 84' lang='lat' dir='ltr'><strong>desiissent,</strong></span> <span class='ocrx_word' id='word_1_46' title='bbox 777 1213 814 1260; x_wconf 92' lang='lat' dir='ltr'><strong>re</strong></span> <span class='ocrx_word' id='word_1_47' title='bbox 842 1193 884 1259; x_wconf 90' lang='lat' dir='ltr'><strong>ad</strong></span> <span class='ocrx_word' id='word_1_48' title='bbox 907 1191 1204 1259; x_wconf 89' lang='lat' dir='ltr'><strong>Lacedaemonios</strong></span> <span class='ocrx_word' id='word_1_49' title='bbox 1228 1191 1348 1274; x_wconf 89' lang='lat' dir='ltr'><strong>delata,</strong></span> 
     </span>
     <span class='ocr_line' id='line_1_9' title="bbox 293 1299 1348 1385; baseline -0.003 -16"><span class='ocrx_word' id='word_1_50' title='bbox 293 1302 397 1370; x_wconf 89' lang='lat' dir='ltr'><strong>Eleos</strong></span> <span class='ocrx_word' id='word_1_51' title='bbox 415 1321 494 1369; x_wconf 94' lang='lat' dir='ltr'><strong>cum</strong></span> <span class='ocrx_word' id='word_1_52' title='bbox 511 1304 715 1369; x_wconf 90' lang='lat' dir='ltr'><strong>sententiam</strong></span> <span class='ocrx_word' id='word_1_53' title='bbox 733 1301 798 1368; x_wconf 94' lang='lat' dir='ltr'><strong>sibi</strong></span> <span class='ocrx_word' id='word_1_54' title='bbox 815 1303 967 1385; x_wconf 93' lang='lat' dir='ltr'><strong>iniquam</strong></span> <span class='ocrx_word' id='word_1_55' title='bbox 985 1299 1061 1368; x_wconf 88' lang='lat' dir='ltr'><strong>lore</strong></span> <span class='ocrx_word' id='word_1_56' title='bbox 1077 1302 1348 1384; x_wconf 89' lang='lat' dir='ltr'><strong>suspicarentur,</strong></span> 
     </span>
     <span class='ocr_line' id='line_1_10' title="bbox 294 1409 1348 1495; baseline 0.001 -19"><span class='ocrx_word' id='word_1_57' title='bbox 294 1410 543 1495; x_wconf 91' lang='lat' dir='ltr'><strong>Lepreatarum</strong></span> <span class='ocrx_word' id='word_1_58' title='bbox 567 1428 687 1495; x_wconf 85' lang='lat' dir='ltr'><strong>agrum</strong></span> <span class='ocrx_word' id='word_1_59' title='bbox 710 1410 896 1494; x_wconf 90' lang='lat' dir='ltr'><strong>populatos</strong></span> <span class='ocrx_word' id='word_1_60' title='bbox 920 1428 1009 1477; x_wconf 90' lang='lat' dir='ltr'><strong>esse.</strong></span> <span class='ocrx_word' id='word_1_61' title='bbox 1053 1409 1348 1477; x_wconf 86' lang='lat' dir='ltr'><strong>Lacedaemonios</strong></span> 
     </span>
     <span class='ocr_line' id='line_1_11' title="bbox 296 1516 1349 1603; baseline -0.002 -17"><span class='ocrx_word' id='word_1_62' title='bbox 296 1533 410 1587; x_wconf 91' lang='lat' dir='ltr'><strong>autem</strong></span> <span class='ocrx_word' id='word_1_63' title='bbox 426 1519 614 1603; x_wconf 89' lang='lat' dir='ltr'><strong>Lepreatas</strong></span> <span class='ocrx_word' id='word_1_64' title='bbox 637 1517 767 1586; x_wconf 88' lang='lat' dir='ltr'><strong>liberos</strong></span> <span class='ocrx_word' id='word_1_65' title='bbox 797 1537 876 1585; x_wconf 89' lang='lat' dir='ltr'><strong>esse</strong></span> <span class='ocrx_word' id='word_1_66' title='bbox 911 1520 1056 1585; x_wconf 90' lang='lat' dir='ltr'><strong>iussisse</strong></span> <span class='ocrx_word' id='word_1_67' title='bbox 1090 1516 1262 1600; x_wconf 93' lang='lat' dir='ltr'><strong>simulque</strong></span> <span class='ocrx_word' id='word_1_68' title='bbox 1285 1516 1349 1584; x_wconf 90' lang='lat' dir='ltr'><strong>Lc-</strong></span> 
     </span>
     <span class='ocr_line' id='line_1_12' title="bbox 296 1628 1348 1712; baseline -0.003 -16"><span class='ocrx_word' id='word_1_69' title='bbox 296 1646 420 1712; x_wconf 92' lang='lat' dir='ltr'><strong>preum</strong></span> <span class='ocrx_word' id='word_1_70' title='bbox 445 1628 620 1712; x_wconf 90' lang='lat' dir='ltr'><strong>praesidio</strong></span> <span class='ocrx_word' id='word_1_71' title='bbox 644 1645 847 1711; x_wconf 81' lang='lat' dir='ltr'><strong>occupasse.</strong></span> <span class='ocrx_word' id='word_1_72' title='bbox 891 1646 958 1711; x_wconf 94' lang='lat' dir='ltr'><strong>qua</strong></span> <span class='ocrx_word' id='word_1_73' title='bbox 984 1629 1018 1692; x_wconf 96' lang='lat' dir='ltr'><strong>in</strong></span> <span class='ocrx_word' id='word_1_74' title='bbox 1048 1645 1086 1693; x_wconf 90' lang='lat' dir='ltr'><strong>re</strong></span> <span class='ocrx_word' id='word_1_75' title='bbox 1117 1628 1218 1693; x_wconf 91' lang='lat' dir='ltr'><strong>etiam</strong></span> <span class='ocrx_word' id='word_1_76' title='bbox 1242 1628 1348 1709; x_wconf 87' lang='lat' dir='ltr'><strong>magis</strong></span> 
     </span>
     <span class='ocr_line' id='line_1_13' title="bbox 295 1734 1348 1819; baseline -0.005 -15"><span class='ocrx_word' id='word_1_77' title='bbox 295 1739 368 1804; x_wconf 92' lang='lat' dir='ltr'><strong>suis</strong></span> <span class='ocrx_word' id='word_1_78' title='bbox 402 1737 598 1804; x_wconf 92' lang='lat' dir='ltr'><strong>commodis</strong></span> <span class='ocrx_word' id='word_1_79' title='bbox 632 1738 818 1803; x_wconf 82' lang='lat' dir='ltr'><strong>servierint</strong></span> <span class='ocrx_word' id='word_1_80' title='bbox 851 1754 952 1819; x_wconf 91' lang='lat' dir='ltr'><strong>quam</strong></span> <span class='ocrx_word' id='word_1_81' title='bbox 976 1734 1234 1818; x_wconf 84' lang='lat' dir='ltr'><strong>Lepreatarum.</strong></span> <span class='ocrx_word' id='word_1_82' title='bbox 1278 1753 1348 1817; x_wconf 94' lang='lat' dir='ltr'><strong>quo</strong></span> 
     </span>
     <span class='ocr_line' id='line_1_14' title="bbox 296 1843 1098 1929; baseline -0.002 -17"><span class='ocrx_word' id='word_1_83' title='bbox 296 1843 396 1928; x_wconf 88' lang='lat' dir='ltr'><strong>lacto,</strong></span> <span class='ocrx_word' id='word_1_84' title='bbox 421 1846 525 1913; x_wconf 87' lang='lat' dir='ltr'><strong>Eleos</strong></span> <span class='ocrx_word' id='word_1_85' title='bbox 550 1864 628 1913; x_wconf 91' lang='lat' dir='ltr'><strong>cum</strong></span> <span class='ocrx_word' id='word_1_86' title='bbox 653 1846 791 1929; x_wconf 80' lang='lat' dir='ltr'><strong>Argivis</strong></span> <span class='ocrx_word' id='word_1_87' title='bbox 816 1843 941 1912; x_wconf 83' lang='lat' dir='ltr'><strong>foedus</strong></span> <span class='ocrx_word' id='word_1_88' title='bbox 968 1846 1098 1912; x_wconf 88' lang='lat' dir='ltr'><strong>iniisse.</strong></span> 
     </span>
    </p>
   </div>
   <div class='ocr_carea' id='block_1_3' title="bbox 295 1967 1350 3577">
    <p class='ocr_par' dir='ltr' id='par_1_3' title="bbox 295 1967 1350 3577">
     <span class='ocr_line' id='line_1_15' title="bbox 339 1967 1348 2054; baseline -0.001 -19"><span class='ocrx_word' id='word_1_89' title='bbox 339 1972 383 2036; x_wconf 91' lang='lat' dir='ltr'><strong>ita</strong></span> <span class='ocrx_word' id='word_1_90' title='bbox 405 1967 577 2054; x_wconf 88' lang='lat' dir='ltr'><strong>Triphylii</strong></span> <span class='ocrx_word' id='word_1_91' title='bbox 604 1989 622 2036; x_wconf 91' lang='lat' dir='ltr'><strong>a</strong></span> <span class='ocrx_word' id='word_1_92' title='bbox 650 1969 777 2054; x_wconf 89' lang='lat' dir='ltr'><strong>quibus</strong></span> <span class='ocrx_word' id='word_1_93' title='bbox 800 1969 892 2037; x_wconf 89' lang='lat' dir='ltr'><strong>Eleis</strong></span> <span class='ocrx_word' id='word_1_94' title='bbox 915 1969 1026 2036; x_wconf 84' lang='lat' dir='ltr'><strong>traditi</strong></span> <span class='ocrx_word' id='word_1_95' title='bbox 1051 1967 1195 2052; x_wconf 85' lang='lat' dir='ltr'><strong>fuerant,</strong></span> <span class='ocrx_word' id='word_1_96' title='bbox 1222 1968 1348 2035; x_wconf 95' lang='lat' dir='ltr'><strong>horum</strong></span> 
     </span>
     <span class='ocr_line' id='line_1_16' title="bbox 295 2076 1348 2162; baseline -0.003 -18"><span class='ocrx_word' id='word_1_97' title='bbox 295 2080 329 2144; x_wconf 92' lang='lat' dir='ltr'><strong>in</strong></span> <span class='ocrx_word' id='word_1_98' title='bbox 353 2091 558 2162; x_wconf 90' lang='lat' dir='ltr'><strong>potestatem</strong></span> <span class='ocrx_word' id='word_1_99' title='bbox 580 2092 762 2145; x_wconf 90' lang='lat' dir='ltr'><strong>venerunt.</strong></span> <span class='ocrx_word' id='word_1_100' title='bbox 806 2078 933 2146; x_wconf 90' lang='lat' dir='ltr'><strong>deinde</strong></span> <span class='ocrx_word' id='word_1_101' title='bbox 956 2077 1241 2146; x_wconf 84' lang='lat' dir='ltr'><strong>Lacedaemoniis</strong></span> <span class='ocrx_word' id='word_1_102' title='bbox 1268 2076 1348 2144; x_wconf 88' lang='lat' dir='ltr'><strong>belli</strong></span> 
     </span>
     <span class='ocr_line' id='line_1_17' title="bbox 295 2186 1350 2271; baseline -0.001 -18"><span class='ocrx_word' id='word_1_103' title='bbox 295 2186 398 2253; x_wconf 85' lang='lat' dir='ltr'><strong>Attici</strong></span> <span class='ocrx_word' id='word_1_104' title='bbox 421 2186 702 2270; x_wconf 88' lang='lat' dir='ltr'><strong>expeditionibus</strong></span> <span class='ocrx_word' id='word_1_105' title='bbox 736 2187 899 2253; x_wconf 86' lang='lat' dir='ltr'><strong>districtis</strong></span> <span class='ocrx_word' id='word_1_106' title='bbox 933 2189 1057 2253; x_wconf 90' lang='lat' dir='ltr'><strong>iterum</strong></span> <span class='ocrx_word' id='word_1_107' title='bbox 1080 2186 1260 2271; x_wconf 88' lang='lat' dir='ltr'><strong>Triphylia</strong></span> <span class='ocrx_word' id='word_1_108' title='bbox 1287 2204 1350 2270; x_wconf 93' lang='lat' dir='ltr'><strong>po·</strong></span> 
     </span>
     <span class='ocr_line' id='line_1_18' title="bbox 295 2293 1350 2387; baseline 0 -26"><span class='ocrx_word' id='word_1_109' title='bbox 295 2296 374 2362; x_wconf 93' lang='lat' dir='ltr'><strong>titos</strong></span> <span class='ocrx_word' id='word_1_110' title='bbox 398 2313 478 2362; x_wconf 88' lang='lat' dir='ltr'><strong>esse</strong></span> <span class='ocrx_word' id='word_1_111' title='bbox 500 2293 604 2362; x_wconf 88' lang='lat' dir='ltr'><strong>Eleos</strong></span> <span class='ocrx_word' id='word_1_112' title='bbox 628 2308 770 2363; x_wconf 91' lang='lat' dir='ltr'><strong>constat.</strong></span> <span class='ocrx_word' id='word_1_113' title='bbox 806 2307 920 2362; x_wconf 90' lang='lat' dir='ltr'><strong>narrat</strong></span> <span class='ocrx_word' id='word_1_114' title='bbox 936 2298 1028 2387; x_wconf 82' lang='lat' dir='ltr'><strong>enim</strong></span> <span class='ocrx_word' id='word_1_115' title='bbox 1043 2295 1240 2379; x_wconf 91' lang='lat' dir='ltr'><strong>Xenophon</strong></span> <span class='ocrx_word' id='word_1_116' title='bbox 1259 2293 1350 2378; x_wconf 81' lang='lat'><strong>(48),</strong></span> 
     </span>
     <span class='ocr_line' id='line_1_19' title="bbox 296 2402 1350 2488; baseline 0 -18"><span class='ocrx_word' id='word_1_117' title='bbox 296 2421 375 2471; x_wconf 89' lang='lat' dir='ltr'><strong>cum</strong></span> <span class='ocrx_word' id='word_1_118' title='bbox 402 2417 529 2470; x_wconf 86' lang='lat' dir='ltr'><strong>aestate</strong></span> <span class='ocrx_word' id='word_1_119' title='bbox 553 2422 581 2470; x_wconf 91' lang='lat' dir='ltr'><strong>a.</strong></span> <span class='ocrx_word' id='word_1_120' title='bbox 604 2407 676 2469; x_wconf 84' lang='grc'><strong>399</strong></span> <span class='ocrx_word' id='word_1_121' title='bbox 698 2402 945 2487; x_wconf 89' lang='lat' dir='ltr'><strong>Thrasydaeus</strong></span> <span class='ocrx_word' id='word_1_122' title='bbox 967 2402 1071 2471; x_wconf 90' lang='lat' dir='ltr'><strong>Eleus</strong></span> <span class='ocrx_word' id='word_1_123' title='bbox 1100 2404 1218 2488; x_wconf 86' lang='lat' dir='ltr'><strong>legatis</strong></span> <span class='ocrx_word' id='word_1_124' title='bbox 1245 2402 1350 2470; x_wconf 89' lang='lat' dir='ltr'><strong>Lace-</strong></span> 
     </span>
     <span class='ocr_line' id='line_1_20' title="bbox 296 2511 1349 2596; baseline 0.001 -18"><span class='ocrx_word' id='word_1_125' title='bbox 296 2512 503 2580; x_wconf 88' lang='lat' dir='ltr'><strong>daemonem</strong></span> <span class='ocrx_word' id='word_1_126' title='bbox 548 2514 664 2580; x_wconf 91' lang='lat' dir='ltr'><strong>missis</strong></span> <span class='ocrx_word' id='word_1_127' title='bbox 709 2531 875 2580; x_wconf 86' lang='lat' dir='ltr'><strong>assensus</strong></span> <span class='ocrx_word' id='word_1_128' title='bbox 920 2527 1014 2580; x_wconf 90' lang='lat' dir='ltr'><strong>esset</strong></span> <span class='ocrx_word' id='word_1_129' title='bbox 1061 2513 1105 2580; x_wconf 89' lang='lat' dir='ltr'><strong>de</strong></span> <span class='ocrx_word' id='word_1_130' title='bbox 1148 2511 1349 2596; x_wconf 90' lang='lat' dir='ltr'><strong>Triphyliae</strong></span> 
     </span>
     <span class='ocr_line' id='line_1_21' title="bbox 296 2620 1349 2704; baseline 0.001 -18"><span class='ocrx_word' id='word_1_131' title='bbox 296 2620 438 2704; x_wconf 94' lang='lat' dir='ltr'><strong>oppidis</strong></span> <span class='ocrx_word' id='word_1_132' title='bbox 461 2621 684 2704; x_wconf 91' lang='lat' dir='ltr'><strong>dimittendis,</strong></span> <span class='ocrx_word' id='word_1_133' title='bbox 718 2640 839 2704; x_wconf 88' lang='lat' dir='ltr'><strong>pacem</strong></span> <span class='ocrx_word' id='word_1_134' title='bbox 874 2620 937 2689; x_wconf 92' lang='lat' dir='ltr'><strong>hac</strong></span> <span class='ocrx_word' id='word_1_135' title='bbox 961 2622 1159 2689; x_wconf 88' lang='lat' dir='ltr'><strong>conditione</strong></span> <span class='ocrx_word' id='word_1_136' title='bbox 1183 2624 1213 2689; x_wconf 92' lang='lat' dir='ltr'><strong>ei</strong></span> <span class='ocrx_word' id='word_1_137' title='bbox 1238 2621 1349 2688; x_wconf 92' lang='lat' dir='ltr'><strong>datam</strong></span> 
     </span>
     <span class='ocr_line' id='line_1_22' title="bbox 297 2725 1349 2813; baseline 0.002 -18"><span class='ocrx_word' id='word_1_138' title='bbox 297 2747 387 2796; x_wconf 89' lang='lat' dir='ltr'><strong>esse.</strong></span> <span class='ocrx_word' id='word_1_139' title='bbox 432 2725 608 2797; x_wconf 87' lang='lat' dir='ltr'><strong>liberaene</strong></span> <span class='ocrx_word' id='word_1_140' title='bbox 641 2731 743 2813; x_wconf 83' lang='lat' dir='ltr'><strong>igitur</strong></span> <span class='ocrx_word' id='word_1_141' title='bbox 765 2727 872 2797; x_wconf 90' lang='lat' dir='ltr'><strong>laetae</strong></span> <span class='ocrx_word' id='word_1_142' title='bbox 906 2732 1012 2798; x_wconf 81' lang='lat' dir='ltr'><strong>sunt?</strong></span> <span class='ocrx_word' id='word_1_143' title='bbox 1056 2733 1162 2796; x_wconf 94' lang='lat' dir='ltr'><strong>immo</strong></span> <span class='ocrx_word' id='word_1_144' title='bbox 1186 2730 1349 2797; x_wconf 91' lang='lat' dir='ltr'><strong>dominos</strong></span> 
     </span>
     <span class='ocr_line' id='line_1_23' title="bbox 297 2837 1349 2923; baseline 0 -19"><span class='ocrx_word' id='word_1_145' title='bbox 297 2851 479 2905; x_wconf 87' lang='lat' dir='ltr'><strong>mutarunt.</strong></span> <span class='ocrx_word' id='word_1_146' title='bbox 534 2857 647 2922; x_wconf 90' lang='lat' dir='ltr'><strong>neque</strong></span> <span class='ocrx_word' id='word_1_147' title='bbox 682 2857 749 2923; x_wconf 88' lang='lat' dir='ltr'><strong>pax</strong></span> <span class='ocrx_word' id='word_1_148' title='bbox 782 2841 873 2923; x_wconf 86' lang='lat' dir='ltr'><strong>regis</strong></span> <span class='ocrx_word' id='word_1_149' title='bbox 912 2841 953 2907; x_wconf 90' lang='lat' dir='ltr'><strong>iis</strong></span> <span class='ocrx_word' id='word_1_150' title='bbox 987 2840 1175 2923; x_wconf 87' lang='lat' dir='ltr'><strong>quidquam</strong></span> <span class='ocrx_word' id='word_1_151' title='bbox 1210 2837 1349 2923; x_wconf 85' lang='lat' dir='ltr'><strong>profuit,</strong></span> 
     </span>
     <span class='ocr_line' id='line_1_24' title="bbox 295 2946 1348 3032; baseline 0.001 -19"><span class='ocrx_word' id='word_1_152' title='bbox 295 2949 376 3029; x_wconf 89' lang='lat' dir='ltr'><strong>quia</strong></span> <span class='ocrx_word' id='word_1_153' title='bbox 410 2946 674 3015; x_wconf 89' lang='lat' dir='ltr'><strong>Lacedaemonii</strong></span> <span class='ocrx_word' id='word_1_154' title='bbox 705 2949 746 3015; x_wconf 93' lang='lat' dir='ltr'><strong>iis</strong></span> <span class='ocrx_word' id='word_1_155' title='bbox 785 2948 1000 3032; x_wconf 90' lang='lat' dir='ltr'><strong>temporibus</strong></span> <span class='ocrx_word' id='word_1_156' title='bbox 1038 2951 1070 3014; x_wconf 97' lang='lat' dir='ltr'><strong>in</strong></span> <span class='ocrx_word' id='word_1_157' title='bbox 1102 2947 1348 3031; x_wconf 89' lang='lat' dir='ltr'><strong>Peloponneso</strong></span> 
     </span>
     <span class='ocr_line' id='line_1_25' title="bbox 296 3054 1347 3140; baseline 0 -18"><span class='ocrx_word' id='word_1_158' title='bbox 296 3055 483 3139; x_wconf 89' lang='lat' dir='ltr'><strong>plurimum</strong></span> <span class='ocrx_word' id='word_1_159' title='bbox 507 3055 691 3140; x_wconf 91' lang='lat' dir='ltr'><strong>pollebant.</strong></span> <span class='ocrx_word' id='word_1_160' title='bbox 737 3058 833 3123; x_wconf 93' lang='lat' dir='ltr'><strong>testis</strong></span> <span class='ocrx_word' id='word_1_161' title='bbox 857 3069 909 3123; x_wconf 90' lang='lat' dir='ltr'><strong>est</strong></span> <span class='ocrx_word' id='word_1_162' title='bbox 932 3055 1024 3123; x_wconf 92' lang='lat' dir='ltr'><strong>idem</strong></span> <span class='ocrx_word' id='word_1_163' title='bbox 1047 3054 1244 3138; x_wconf 91' lang='lat' dir='ltr'><strong>Xenophon</strong></span> <span class='ocrx_word' id='word_1_164' title='bbox 1269 3054 1347 3139; x_wconf 85' lang='grc'><strong>(49)</strong></span> 
     </span>
     <span class='ocr_line' id='line_1_26' title="bbox 296 3163 1348 3248; baseline 0.002 -19"><span class='ocrx_word' id='word_1_165' title='bbox 296 3166 355 3247; x_wconf 89' lang='lat' dir='ltr'><strong>qui</strong></span> <span class='ocrx_word' id='word_1_166' title='bbox 372 3167 516 3248; x_wconf 89' lang='lat' dir='ltr'><strong>exponit</strong></span> <span class='ocrx_word' id='word_1_167' title='bbox 537 3183 627 3231; x_wconf 91' lang='lat' dir='ltr'><strong>anno</strong></span> <span class='ocrx_word' id='word_1_168' title='bbox 644 3167 726 3247; x_wconf 89' lang='grc'><strong>371,</strong></span> <span class='ocrx_word' id='word_1_169' title='bbox 749 3178 924 3247; x_wconf 93' lang='lat' dir='ltr'><strong>cumpost</strong></span> <span class='ocrx_word' id='word_1_170' title='bbox 940 3163 1111 3247; x_wconf 89' lang='lat' dir='ltr'><strong>proelium</strong></span> <span class='ocrx_word' id='word_1_171' title='bbox 1127 3163 1348 3232; x_wconf 89' lang='lat' dir='ltr'><strong>Leuctricum</strong></span> 
     </span>
     <span class='ocr_line' id='line_1_27' title="bbox 296 3268 1349 3354; baseline 0.003 -18"><span class='ocrx_word' id='word_1_172' title='bbox 296 3268 528 3338; x_wconf 80' lang='lat' dir='ltr'><strong>Athenienses</strong></span> <span class='ocrx_word' id='word_1_173' title='bbox 555 3307 595 3315; x_wconf 92' lang='lat'><strong>—</strong></span> <span class='ocrx_word' id='word_1_174' title='bbox 623 3289 701 3337; x_wconf 91' lang='lat' dir='ltr'><strong>nam</strong></span> <span class='ocrx_word' id='word_1_175' title='bbox 735 3287 837 3354; x_wconf 85' lang='lat' dir='ltr'><strong>aegre</strong></span> <span class='ocrx_word' id='word_1_176' title='bbox 871 3269 1028 3338; x_wconf 83' lang='lat' dir='ltr'><strong>ferebant</strong></span> <span class='ocrx_word' id='word_1_177' title='bbox 1061 3274 1215 3340; x_wconf 92' lang='lat' dir='ltr'><strong>civitates</strong></span> <span class='ocrx_word' id='word_1_178' title='bbox 1248 3273 1349 3341; x_wconf 89' lang='lat' dir='ltr'><strong>Pelo·</strong></span> 
     </span>
     <span class='ocr_line' id='line_1_28' title="bbox 296 3377 1348 3462; baseline 0.009 -18"><span class='ocrx_word' id='word_1_179' title='bbox 296 3381 444 3462; x_wconf 91' lang='lat' dir='ltr'><strong>ponnesi</strong></span> <span class='ocrx_word' id='word_1_180' title='bbox 478 3378 590 3446; x_wconf 89' lang='lat' dir='ltr'><strong>adhuc</strong></span> <span class='ocrx_word' id='word_1_181' title='bbox 613 3377 898 3448; x_wconf 90' lang='lat' dir='ltr'><strong>Lacedaemoniis</strong></span> <span class='ocrx_word' id='word_1_182' title='bbox 932 3382 1023 3449; x_wconf 90' lang='lat' dir='ltr'><strong>dicto</strong></span> <span class='ocrx_word' id='word_1_183' title='bbox 1054 3383 1235 3451; x_wconf 90' lang='lat' dir='ltr'><strong>audientes</strong></span> <span class='ocrx_word' id='word_1_184' title='bbox 1269 3403 1348 3453; x_wconf 89' lang='lat' dir='ltr'><strong>esse</strong></span> 
     </span>
     <span class='ocr_line' id='line_1_29' title="bbox 295 3486 1347 3577; baseline 0.005 -23"><span class='ocrx_word' id='word_1_185' title='bbox 295 3523 336 3532; x_wconf 94' lang='lat'><em>-</em></span> <span class='ocrx_word' id='word_1_186' title='bbox 359 3486 506 3554; x_wconf 92' lang='lat' dir='ltr'><strong>concilio</strong></span> <span class='ocrx_word' id='word_1_187' title='bbox 541 3502 733 3556; x_wconf 91' lang='lat' dir='ltr'><strong>convocato</strong></span> <span class='ocrx_word' id='word_1_188' title='bbox 767 3491 1007 3558; x_wconf 90' lang='lat' dir='ltr'><strong>iusiurandum</strong></span> <span class='ocrx_word' id='word_1_189' title='bbox 1035 3495 1280 3577; x_wconf 89' lang='lat' dir='ltr'><strong>concepissent</strong></span> <span class='ocrx_word' id='word_1_190' title='bbox 1313 3496 1347 3560; x_wconf 94' lang='lat' dir='ltr'><strong>in</strong></span> 
     </span>
    </p>
   </div>
   <div class='ocr_carea' id='block_1_4' title="bbox 329 3760 785 3996">
    <p class='ocr_par' dir='ltr' id='par_1_4' title="bbox 329 3760 785 3996">
     <span class='ocr_line' id='line_1_30' title="bbox 330 3760 500 3829; baseline 0 -14"><span class='ocrx_word' id='word_1_191' title='bbox 330 3760 387 3829; x_wconf 81' lang='lat'><strong>(47)</strong></span> <span class='ocrx_word' id='word_1_192' title='bbox 406 3761 439 3816; x_wconf 89' lang='lat' dir='ltr'><strong>V.</strong></span> <span class='ocrx_word' id='word_1_193' title='bbox 456 3763 500 3815; x_wconf 85' lang='grc'><strong>31,</strong></span> 
     </span>
     <span class='ocr_line' id='line_1_31' title="bbox 329 3843 785 3917; baseline 0.009 -19"><span class='ocrx_word' id='word_1_194' title='bbox 329 3843 385 3911; x_wconf 85' lang='grc'>(48)</span> <span class='ocrx_word' id='word_1_195' title='bbox 403 3845 472 3900; x_wconf 85' lang='lat' dir='ltr'><strong>Xen.</strong></span> <span class='ocrx_word' id='word_1_196' title='bbox 493 3846 568 3900; x_wconf 90' lang='lat' dir='ltr'><strong>Hell.</strong></span> <span class='ocrx_word' id='word_1_197' title='bbox 587 3846 628 3900; x_wconf 92' lang='lat' dir='ltr'><strong>lll.</strong></span> <span class='ocrx_word' id='word_1_198' title='bbox 648 3848 673 3902; x_wconf 89' lang='lat'><strong>2.</strong></span> <span class='ocrx_word' id='word_1_199' title='bbox 691 3847 728 3901; x_wconf 78' lang='lat'><strong>³0</strong></span> <span class='ocrx_word' id='word_1_200' title='bbox 741 3865 785 3917; x_wconf 90' lang='lat' dir='ltr'><strong>sq.</strong></span> 
     </span>
     <span class='ocr_line' id='line_1_32' title="bbox 329 3928 590 3996; baseline 0.015 -15"><span class='ocrx_word' id='word_1_201' title='bbox 329 3928 386 3996; x_wconf 81' lang='lat'><strong>(49)</strong></span> <span class='ocrx_word' id='word_1_202' title='bbox 404 3930 440 3983; x_wconf 91' lang='lat' dir='ltr'><strong>ib.</strong></span> <span class='ocrx_word' id='word_1_203' title='bbox 459 3929 504 3984; x_wconf 88' lang='lat' dir='ltr'><strong>vl.</strong></span> <span class='ocrx_word' id='word_1_204' title='bbox 520 3931 547 3983; x_wconf 86' lang='grc'><strong>5.</strong></span> <span class='ocrx_word' id='word_1_205' title='bbox 564 3930 590 3986; x_wconf 93' lang='lat'><strong>2.</strong></span> 
     </span>
    </p>
   </div>
   <div class='ocr_carea' id='block_1_5' title="bbox 0 0 1498 4546">
    <p class='ocr_par' dir='ltr' id='par_1_5' title="bbox 0 0 1498 4546">
     <span class='ocr_line' id='line_1_33' title="bbox 0 0 1498 4546; baseline 0 0"><span class='ocrx_word' id='word_1_206' title='bbox 0 0 1498 4546; x_wconf 95' lang='lat' dir='ltr'><strong> </strong></span> 
     </span>
    </p>
   </div>
  </div>
 </body>
</html>
