2978 4546
610 343 729 452 (tt)

149 521 212 586 etsi
248 536 459 585 consensum
494 518 610 599 video,
644 531 757 584 tamen
792 516 906 582 nullus
937 517 1043 584 video
1078 536 1140 584 cur
1173 521 1201 584 is

147 628 365 695 demonstret
386 626 594 693 Pausaniam
618 646 680 694 sua
704 625 894 710 Apollonio
918 625 1058 694 debere.
1094 629 1200 694 immo

146 737 202 804 hic
228 736 374 803 eandem
397 738 541 819 stirpem
558 736 714 802 traditam
738 737 872 818 accepit
894 752 983 817 quae
1006 736 1040 800 in
1061 737 1201 819 antiquo

149 845 244 913 fonte
266 844 459 913 Pausaniae
483 844 627 912 extabat.

187 981 332 1063 primus,
348 979 442 1062 quod
458 980 620 1061 sciamus
644 977 847 1046 Hellanicus
866 974 1048 1064 Ἀρκαδικά
1063 981 1203 1062 scripsit

145 1107 294 1172 quorum
318 1088 506 1154 admodum
530 1105 638 1171 pauca
662 1086 849 1170 Fragmenta
872 1101 1017 1154 aetatem
1040 1086 1200 1154 tulerunt.

146 1196 307 1281 equibus
323 1200 482 1281 quamvis
504 1199 638 1280 exiguis
658 1196 883 1264 nihilominus
907 1196 1077 1280 colligitur
1092 1198 1202 1279 scrip-

146 1321 257 1375 torem
287 1307 380 1391 apud
402 1306 607 1374 Pausaniam
632 1307 852 1374 Hellanicum
881 1325 950 1373 non
974 1307 1200 1374 subsecutum

147 1435 236 1485 esse.

188 1547 230 1616 cl.
252 1549 354 1617 Paus.
377 1548 462 1616 Vlll.
485 1555 518 1616 3.
542 1557 574 1632 4,
608 1549 666 1616 ubi
699 1548 879 1616 Maenalus
903 1548 1075 1633 Lycaonis
1110 1548 1200 1616 lilius

147 1661 308 1743 occurrit,
331 1676 409 1725 cum
437 1658 547 1726 schol.
572 1657 686 1742 Apoll.
712 1657 825 1724 Rhod.
848 1657 870 1723 Ι.
894 1662 982 1724 769:
1027 1658 1202 1733 Μαίναλος

146 1766 220 1854 ὅρος
237 1764 419 1854 Ἀρκαδίας
440 1767 475 1832 ἐν
497 1765 521 1855 ᾤ
545 1765 563 1852 ᾗ
581 1764 774 1852 Ἀταλάντη
795 1765 903 1848 διῆγεν
929 1764 997 1832 ἀπὸ
1024 1763 1201 1831 Μαινάλου

145 1874 203 1942 τοῦ
221 1873 397 1964 Ἀρκάδος,
419 1873 465 1952 αἷς
485 1893 585 1964 φησιν
601 1872 797 1952 Ἑλλάνικος.
832 1874 874 1942 cf.
896 1875 999 1942 Palus·
1015 1874 1100 1942 VIII.
1117 1882 1148 1942 4.
1165 1879 1198 1941 8:

141 1985 252 2075 Ἀλέῳ
273 1987 309 2051 δὲ
331 1984 458 2074 ἄρσενες
479 1986 540 2068 μὲν
567 1986 684 2063 παῖδας
703 1983 891 2073 Λυκοῦργος
922 2009 957 2050 τε
988 1988 1041 2050 καὶ
1067 1981 1198 2072 Ἀμφι-

145 2093 251 2180 δάμας
281 2097 336 2159 καὶ
369 2093 508 2183 Κηφεύς,
542 2113 620 2161 cum
654 2094 763 2162 schol.
791 2094 1088 2179 Apoll.Rh0d.l.
1116 2099 1197 2161 162:

145 2202 202 2272 δύο
224 2206 261 2270 δέ
281 2208 343 2270 εἶσι
366 2212 494 2292 Κηφεϊς,
519 2200 537 2269 ὁ
562 2205 622 2287 μὲν
644 2203 767 2270 Ἀλεοῦ
789 2202 827 2270 οὗ
848 2200 1040 2291 μνημονεύει
1063 2201 1198 2269 Ἀπολ-

145 2311 275 2391 λώνιος,
297 2310 315 2378 ὁ
339 2313 375 2377 δὲ
396 2317 501 2401 ἕτερος
522 2309 559 2378 οὗ
581 2311 771 2399 μνημονεύει
788 2311 980 2389 Ἑλλάνικος
999 2313 1035 2379 ἐν
1056 2309 1101 2400 τῷ
1124 2314 1197 2397 περὶ

141 2423 332 2510 Ἀρκαδίας.

186 2581 288 2650 atque
330 2567 374 2634 de
416 2567 520 2634 altera
563 2579 659 2651 parte
701 2566 825 2633 exordi
867 2564 1042 2632 hactenus.
1101 2567 1197 2632 tertia

145 2674 323 2743 historiam
347 2675 516 2744 Arcadiae
548 2676 708 2760 perducit
741 2694 853 2759 usque
886 2675 930 2741 ad
962 2688 1107 2742 aetatem
1130 2694 1197 2758 qua

144 2783 299 2853 Arcades
322 2784 477 2852 foederis
500 2784 642 2852 Achaici
666 2788 852 2870 participes
875 2784 953 2854 lacti
976 2800 1065 2853 sunt.
1109 2784 1198 2852 Pau·

144 2896 257 2961 sanias
280 2896 383 2978 igitur
405 2912 474 2961 non
499 2896 611 2977 magni
634 2896 815 2977 scriptoris
839 2912 958 2978 opere,
991 2895 1054 2962 sed
1083 2897 1198 2962 cuius·

144 3003 221 3070 dam
251 3001 464 3091 Ἀρκαδικοῖς
503 3022 588 3070 usus
623 3021 703 3071 esse
735 3004 883 3085 videtur,
916 3022 1005 3086 quae
1039 3023 1058 3070 e
1091 3006 1196 3070 variis

145 3111 299 3179 fontibus
323 3116 516 3197 composita
541 3127 647 3181 erant.

186 3245 291 3312 fontis
321 3246 514 3316 Pausaniae
548 3261 657 3317 aetate
692 3262 725 3315 et
758 3247 876 3314 indole
911 3245 1070 3328 definitis,
1104 3248 1197 3313 testi-

143 3357 298 3422 monium
322 3355 365 3423 de
381 3355 543 3439 Lycaone
567 3376 632 3425 suo
656 3360 768 3442 pretio
791 3359 974 3424 aestimare
997 3373 1196 3440 possumus,

143 3464 335 3532 dummodo
358 3483 448 3548 quae
462 3465 650 3535 Pausanias
674 3467 718 3533 de
740 3486 806 3534 suo
831 3467 886 3534 hic
909 3465 977 3533 illic
1001 3468 1196 3548 inseruerit,

141 3589 300 3643 accurate
333 3574 565 3643 secludamus.
608 3579 691 3643 satis
724 3590 837 3643 autem
872 3589 991 3642 notum
1025 3589 1078 3643 est
1108 3575 1197 3641 Pau-

141 3686 257 3751 saniae
277 3686 311 3750 in
335 3684 469 3752 deliciis
492 3682 601 3753 luisse
623 3688 809 3768 anquirere
832 3699 865 3752 et
888 3686 1053 3754 dirimere
1068 3686 1194 3770 quibus

143 3793 230 3859 inter
253 3791 384 3861 fabulas
407 3792 494 3861 fides
518 3793 686 3878 habenda,
713 3813 801 3878 quae
825 3813 905 3879 pars
933 3809 1052 3864 contra
1075 3809 1194 3880 utpote

143 3900 354 3969 incredibilis
378 3903 552 3971 reicienda
575 3918 677 3971 esset.
