2978 4546
721 341 839 447 (86)

259 533 319 581 cos
364 511 698 597 Metamorphoseon
743 530 832 597 quos
877 507 1046 577 Ovldium
1092 507 1314 577 transtulisse

258 627 421 709 suspicor
453 642 497 689 ex
532 641 601 690 uno
635 621 838 706 pluribusve
873 620 981 703 libris,
1013 619 1139 705 quibus
1170 622 1313 687 nomina

260 732 492 817 mythologica
511 733 759 799 commentario
782 730 991 798 brevissimo
1015 743 1162 797 astructa
1185 729 1313 796 ordine

260 843 427 926 disposita
451 856 556 909 erant.

301 964 402 1035 poeta
426 965 609 1036 postquam
632 950 809 1020 Theseum
843 971 861 1018 a
887 964 1030 1036 parente
1064 969 1130 1018 suo
1158 951 1312 1034 agnitum

259 1077 340 1126 esse
377 1063 539 1144 narravit,
581 1063 751 1144 quaesivit
788 1063 1007 1128 occasionem
1050 1062 1153 1128 seriei
1191 1077 1312 1126 rerum

260 1181 434 1252 gestarum
456 1169 584 1238 Thesei
608 1172 825 1239 inserendae.
856 1184 958 1255 atque
972 1171 1053 1238 vide
1070 1188 1171 1254 quam
1188 1167 1314 1253 pulcre

261 1296 318 1345 res
342 1279 373 1345 ei
398 1282 554 1346 cesserit.
599 1282 768 1363 convivia,
792 1283 911 1365 inquit,
934 1282 1057 1363 agitant
1079 1291 1194 1362 patres

260 1467 375 1525 Metam.
394 1470 450 1525 Vll.
467 1471 523 1526 432

410 1596 438 1642 et
456 1589 583 1644 medium
602 1590 715 1657 vulgus.
742 1602 872 1643 necnon
892 1597 918 1643 et
937 1590 1063 1643 carmina
1080 1588 1147 1642 vino

411 1673 558 1740 ingenium
578 1671 702 1727 iaciente
721 1680 835 1726 canunt.

303 1877 455 1942 carmine
488 1889 601 1944 autem
626 1877 721 1961 quod
744 1875 921 1944 subiunxit
952 1875 1050 1944 fortia
1074 1875 1159 1943 facta
1181 1873 1313 1943 Thesei

262 1986 446 2066 recensuit,
469 1984 533 2051 sed
556 1985 651 2053 nullo
675 1986 781 2053 modo
805 1989 996 2054 exornavit.

304 2090 469 2160 Herculis
506 2112 646 2178 quoque
684 2113 740 2162 res
777 2109 908 2178 gestae,
949 2096 1012 2162 sed
1049 2092 1091 2161 ab
1128 2094 1205 2177 ipso
1243 2093 1312 2158 iam

261 2217 399 2267 veneno
434 2200 564 2269 imbuto
599 2217 847 2299 enumerantur
870 2201 984 2286 (198).
1039 2221 1152 2287 neque
1186 2202 1311 2267 iniuria

263 2307 368 2376 credo
392 2307 606 2378 Ehwaldium
624 2308 727 2393 (199)
751 2313 911 2378 statuisse
936 2308 1104 2378 Ovidium
1128 2309 1190 2376 hac
1214 2311 1248 2376 in
1273 2328 1312 2376 re

263 2415 447 2501 Sophoclis
471 2419 622 2502 exempli
646 2437 837 2486 memorem
863 2418 970 2486 fuisse
995 2416 1110 2501 (200).

304 2524 458 2594 Achilles
482 2546 622 2611 quoque
639 2529 781 2596 miratus
806 2547 845 2595 se
862 2525 1024 2611 Cycnum
1039 2525 1224 2594 vulnerare
1241 2544 1313 2593 non

264 2636 420 2716 potuisse
444 2634 528 2703 lacta
552 2656 614 2703 sua
638 2639 714 2721 ipse
738 2637 879 2720 colligit:

263 2816 377 2871 Metam.
396 2819 453 2872 Xll.
474 2820 525 2872 106

564 2952 668 2991 manus
687 2947 731 2992 est
749 2953 814 2992 mea
832 2938 935 2994 debilis
955 2954 1022 3008 ergo

414 3035 552 3089 quasque,
570 3023 617 3088 ait,
635 3031 700 3076 ante
719 3022 816 3077 habuit
833 3023 920 3090 vires,
938 3023 1039 3077 effudit
1056 3023 1084 3076 in
1103 3021 1182 3076 uno'?

414 3117 480 3156 nam
497 3110 577 3158 certe
594 3106 689 3172 valuit,
707 3107 753 3159 vel
772 3121 837 3160 cum
857 3106 993 3174 Lyrnesia
1012 3107 1123 3173 primus

415 3189 530 3242 moenia
547 3190 638 3244 deieci
655 3190 702 3243 vel
721 3205 785 3244 cum
804 3188 1000 3259 Tenedonque
1018 3204 1132 3258 suoque

414 3271 566 3326 Eetioneas
585 3274 701 3341 implevi
720 3275 861 3342 sanguine
878 3273 1000 3341 Thebas,

414 3356 460 3408 vel
478 3371 543 3410 cum
563 3372 725 3425 purpureus
744 3358 874 3425 populari
893 3358 980 3411 caede
998 3355 1105 3412 Caicus

416 3438 496 3493 fluxit
514 3454 646 3507 opusque
665 3454 747 3493 meae
768 3441 813 3493 bis
835 3441 928 3494 sensit
944 3437 1090 3509 Telephus
1109 3444 1217 3499 hastae.

270 3604 309 3611 .-

300 3718 376 3787 (198)
394 3720 508 3775 Metam.
527 3721 569 3776 IX.
591 3723 642 3777 182
654 3738 717 3792 sqq.

301 3813 375 3879 (199)
394 3815 423 3867 in
442 3817 649 3870 commentario
668 3818 802 3871 editionis
821 3833 900 3873 suae.

301 3903 376 3973 (200)
394 3906 495 3963 Trach.
519 3907 588 3961 1099
601 3922 662 3977 sqq.
