2962 4538
674 332 792 439 (tt)

437 512 521 558 nocte
538 517 653 570 gravem
673 517 778 556 somno
797 501 937 569 necopina
955 500 1076 569 perdere
1093 508 1185 554 nrorta

436 602 484 642 me
502 596 592 653 parat:
611 589 682 641 haec
700 586 740 640 illi
759 587 851 654 placet
869 585 1044 653 experientia
1061 585 1129 638 veri.

436 685 489 725 nec
507 678 660 725 contentus
680 685 714 724 eo
734 679 791 724 est:
809 671 892 724 missi
911 670 947 723 de
964 677 1050 737 gente
1067 669 1197 723 Molossa

437 756 546 810 obsidis
565 756 651 808 unius
671 754 800 821 iugulum
820 768 957 808 mucrone
977 754 1153 807 resolvit...

253 977 322 1044 quo
357 959 435 1026 loco
460 958 627 1041 perlecto,
661 960 738 1042 quis
772 972 824 1025 est
857 960 939 1041 quin
962 958 1085 1024 sentiat
1118 955 1159 1022 ad
1183 973 1262 1039 per·

211 1071 427 1153 spicuitatem
451 1067 642 1135 desiderari
676 1066 858 1133 nonnihil?
891 1069 936 1134 ait
957 1065 1096 1148 Lycaon
1130 1084 1168 1132 se
1203 1084 1262 1132 ex·

140 1255 143 1259 ,
212 1181 319 1263 periri
352 1177 443 1245 velle
468 1190 582 1243 utrum
605 1176 736 1260 hospes
761 1177 848 1244 deus
882 1194 923 1242 an
948 1174 1100 1241 mortalis
1134 1176 1186 1241 sit.
1231 1187 1262 1239 at

211 1305 341 1371 operae
365 1289 515 1371 pretium
538 1299 590 1353 est
612 1285 735 1352 videre
759 1285 947 1369 quomodo.

362 1513 447 1557 nocte
464 1517 579 1570 gravem
599 1517 703 1557 somno
723 1504 863 1570 necopina
882 1504 1002 1569 perdere
1021 1509 1112 1555 morte

363 1603 410 1640 me
428 1597 518 1654 parat:
538 1588 609 1641 haec
629 1587 669 1639 illi
688 1586 781 1653 placet
800 1586 973 1652 experientia
992 1586 1061 1638 veri.

256 1790 468 1871 experientia
506 1807 588 1854 sane
626 1805 728 1872 quam
773 1787 971 1871 periculosa
1017 1787 1121 1853 deum
1167 1783 1260 1851 ferro

214 1897 362 1981 aggredi,
395 1910 431 1963 ut
454 1899 635 1981 experiare
670 1914 752 1962 num
776 1895 978 1963 immortalis
1012 1897 1063 1961 sit.
1108 1894 1171 1961 sed
1194 1893 1261 1960 hoc

213 2007 399 2089 mittamus3
424 2008 580 2090 sequitur

563 2204 616 2242 nee
634 2197 787 2242 contentus
806 2203 840 2242 ΘΟ
860 2197 903 2241 θδῐ

211 2367 369 2450 intellege
403 2365 470 2433 hoc
503 2367 659 2449 periculo
694 2366 856 2449 parando.
902 2365 968 2430 aiio
1002 2366 1099 2447 prius
1124 2364 1261 2444 experi-

211 2487 327 2542 mento
351 2492 440 2558 opus
464 2494 543 2542 esse
567 2489 700 2542 censet:

253 2583 429 2648 hominem
454 2583 609 2664 trucidat,
642 2581 714 2649 Iovi
749 2582 913 2651 nefandas
938 2601 1075 2649 mensas
1108 2582 1259 2664 apponit.

211 2705 299 2769 quae
316 2689 453 2755 tandem
470 2688 522 2755 bis
547 2690 750 2771 experiendi
773 2694 858 2757 ratio
881 2691 937 2758 vel
961 2692 1148 2759 necessitas
1163 2689 1260 2755 erat?

212 2792 355 2861 forsitan
380 2797 531 2861 conicias
553 2794 674 2862 verba:

461 2995 532 3047 haec
550 2994 591 3046 illi
609 2994 702 3059 placet
720 2996 894 3060 experientia
912 2995 971 3047 veri

213 3214 292 3261 esse
330 3194 536 3277 indignantis
575 3209 607 3262 et
644 3196 819 3263 irridentis
857 3195 1044 3279 Iovemque
1089 3196 1260 3263 invidiose

213 3316 372 3386 repetere
406 3304 480 3386 ipsa
503 3302 674 3386 Lycaonis
707 3304 824 3372 verba.
868 3306 931 3372 sed
955 3305 1048 3371 nullo
1073 3306 1177 3372 modo
1202 3324 1262 3372 ex·

213 3412 345 3495 pedes,
369 3411 485 3494 credo,
509 3412 606 3479 illud:

463 3610 517 3650 nec
534 3604 687 3651 contentus
706 3614 740 3651 eO
759 3608 812 3652 Ost·

256 3777 470 3846 quapropter
492 3766 647 3847 suspicio
663 3764 787 3833 abesse
804 3783 873 3832 non
890 3780 1004 3850 potest
1020 3769 1204 3835 insiticium
1228 3781 1261 3834 et

214 3866 255 3934 ab
279 3870 356 3952 ipso
380 3885 482 3955 poeta
505 3874 682 3939 inventum
707 3892 785 3940 esse
809 3874 924 3941 caedis
948 3875 1142 3957 consilium,
1166 3875 1260 3959 quod
