2978 4546
679 373 798 481 (18)

217 544 338 611 dividit
375 543 463 611 hanc
500 547 534 610 in
571 557 642 611 tres
680 548 831 629 species,
875 564 1020 628 quarum
1058 545 1132 611 illas
1169 548 1268 628 poesi

216 655 469 721 astronomicae
504 667 536 719 et
571 657 701 722 recenti
736 657 833 722 aetati
869 657 1111 739 imperatoriae
1142 655 1268 736 tribuit,

216 765 326 846 prima
359 779 445 829 vero
480 781 520 829 ea
553 777 615 845 est,
650 782 752 847 quam
777 763 878 830 habet
902 761 1054 830 Ovidius
1078 778 1111 831 et
1134 763 1269 846 mytho·

216 872 335 956 graphi
359 888 448 954 quos
472 890 582 939 exeo
607 873 762 955 pendere
778 873 940 939 vidimus.
974 872 1057 956 quid
1081 872 1268 939 dicendum

217 982 295 1048 est?
339 981 632 1064 quemadmodum
666 983 771 1048 modo
805 982 956 1048 vidimus
991 1000 1060 1047 non
1094 1000 1173 1047 esse
1208 1001 1270 1048 cur

217 1089 365 1157 fabulam
415 1109 516 1174 quam
573 1089 718 1174 legimus
768 1093 860 1175 apud
905 1089 1178 1174 mythographos
1227 1093 1269 1157 ad

218 1199 415 1267 Hesiodum
434 1198 636 1282 referamus,
659 1202 709 1266 sic
733 1219 824 1266 nunc
848 1202 1022 1284 dispicere
1039 1217 1176 1283 nequeo
1200 1218 1266 1282 qua

217 1309 260 1374 de
298 1326 400 1375 causa
437 1306 585 1374 fabulam
630 1310 825 1375 ovidianum
863 1324 940 1375 ante
977 1321 1121 1375 aetatem
1160 1308 1268 1374 helle-

217 1418 371 1482 nisticam
406 1416 497 1499 apud
535 1418 725 1499 scriptores
769 1435 838 1483 non
878 1407 1117 1500 comparuisse
1155 1431 1268 1482 sumat

216 1524 505 1591 lmmerwahrius.
558 1544 682 1591 vetum
716 1526 783 1591 hoc
817 1540 893 1592 ante
929 1528 1043 1592 omnia
1078 1528 1267 1592 tenendum

216 1648 282 1701 est:
339 1636 574 1700 testimonium
619 1625 727 1701 Ovidi
779 1635 937 1701 eiusdem
981 1639 1118 1718 generis
1164 1649 1264 1718 atque

216 1758 411 1810 ceterorum
449 1761 543 1809 esse:
589 1757 709 1809 cuncta
747 1742 880 1811 referre
917 1744 1095 1827 vulgarem
1133 1744 1268 1811 fabulae

216 1850 357 1935 figuram
392 1851 502 1935 qualis
538 1851 798 1936 mythographis
833 1869 998 1920 consueta
1026 1852 1138 1921 luerit.
1184 1854 1267 1919 nihil

216 1960 377 2043 equidem
395 1962 589 2027 concedere
614 1960 732 2027 dubito
756 1961 860 2028 multa
884 1965 917 2027 in
941 1963 1004 2028 hac
1027 1960 1150 2042 fabula,
1175 1976 1210 2026 ut
1235 1965 1267 2026 in

216 2067 290 2134 aliis
313 2071 497 2150 sexcentis,
531 2071 644 2152 poetis
667 2069 787 2135 deberi
820 2072 877 2152 qui
912 2068 1044 2134 fabulas
1068 2087 1151 2135 suae
1175 2070 1268 2151 quis-

217 2195 284 2261 que
318 2180 416 2244 aetati
439 2177 670 2244 accomodatis
706 2176 881 2244 coloribus
905 2176 1067 2243 excolere
1101 2176 1266 2258 solebant,

218 2285 450 2370 nonnullaque
484 2300 684 2353 ornamenta
718 2285 878 2352 redolere
915 2299 1059 2352 aetatem
1097 2289 1266 2353 recentio-

218 2413 302 2460 rem.
346 2394 440 2461 velut
465 2393 562 2461 lacile
593 2410 645 2461 est
674 2395 716 2462 ad
747 2393 1030 2478 intellegendum,
1061 2414 1139 2461 cum
1169 2397 1265 2461 initio

218 2520 307 2586 puer
329 2503 524 2569 immolatus
548 2521 627 2569 esse
644 2504 755 2569 dictus
772 2515 875 2584 esset,
898 2505 1111 2569 recentiores
1135 2507 1265 2586 peccati

217 2614 401 2678 atrocitatis
438 2612 614 2695 augendae
651 2631 753 2678 causa
790 2610 949 2677 obsidem
987 2611 1166 2678 induxisse
1210 2612 1266 2680 vel

218 2722 318 2786 etiam
341 2719 513 2804 Lycaonis
535 2719 642 2787 filium
666 2733 885 2804 nepotemve.
915 2734 1061 2787 attamen
1086 2739 1154 2786 non
1178 2720 1266 2787 duae

217 2827 351 2896 fabulae
384 2827 512 2913 ligutae
546 2829 641 2894 nisce
675 2831 884 2911 scriptorum
919 2827 1005 2894 locis
1039 2831 1267 2910 continentur,

218 2938 282 3006 sed
304 2956 381 3005 una.

260 3081 321 3148 age
358 3064 553 3148 diligentius
589 3064 770 3131 videamus
815 3063 858 3129 de
904 3063 1133 3145 discrepantia
1177 3063 1266 3126 inter

219 3175 407 3256 scriptores
431 3191 532 3255 quam
557 3174 700 3238 minoris
724 3190 803 3238 esse
826 3170 1072 3238 aestimandam
1089 3167 1266 3252 apparebit

220 3298 321 3364 quam
355 3283 465 3364 prima
499 3283 617 3363 specle
651 3280 852 3347 credideris.
897 3297 1002 3363 supra
1030 3281 1265 3362 comperimus

220 3391 393 3456 neminem
411 3402 548 3472 praeter
565 3386 732 3455 Ovidium
757 3389 893 3456 tradere
909 3387 1106 3471 Lycaonem
1124 3388 1264 3454 caedem

219 3496 310 3563 lovis
344 3498 541 3564 meditatum
576 3516 665 3565 esse.
710 3512 741 3563 at
774 3499 965 3565 accuratius
1000 3510 1122 3580 poetae
1160 3493 1265 3560 verba

220 3609 493 3689 perpendantur:

220 3856 334 3910 Metam.
344 3856 361 3908 1.
372 3856 426 3908 222
445 3870 511 3909 mox
530 3856 578 3908 ait:
599 3857 745 3923 „experiar
764 3855 837 3909 deus
856 3855 911 3920 bic,
930 3853 1096 3907 discrimine
1115 3861 1224 3920 aperto,

444 3954 479 3993 an
498 3941 535 3993 sit
554 3939 689 3993 mortalis.
716 3954 770 3993 nec
788 3939 841 3992 erit
858 3937 1014 3992 dubitabile
1031 3935 1158 3991 verum.“
