2978 4546
684 361 803 469 (1⁰)

216 537 249 602 in
284 535 405 602 eadem
437 534 605 602 vocabula
639 535 792 602 incidere
827 537 971 619 possint,
1005 537 1210 617 praesertim
1239 537 1268 599 si

214 644 360 712 vocibus
385 644 628 711 communibus
644 659 781 711 utantur
797 663 952 728 quasque
968 662 1025 710 res
1041 646 1117 726 ipsa
1133 641 1267 726 flagitet,

216 766 252 818 ut
274 755 383 820 vitare
407 772 466 819 eas
489 772 591 836 quam
615 752 780 820 adhibere
804 755 944 818 maioris
968 754 1082 835 negoti
1106 755 1158 818 sit.
1189 770 1271 835 qua-

216 876 359 944 propter
387 862 542 927 nondum
571 861 612 928 ab
640 865 754 928 animo
789 879 868 928 meo
903 864 1089 944 impetrare
1123 879 1267 943 possum

215 984 251 1036 ut
281 988 410 1036 novum
444 970 535 1036 istud
570 970 723 1054 epyllion
758 968 1267 1065 lontibuslMetamorphoseon

215 1079 451 1147 adnumerem.
476 1077 529 1161 (9)

257 1228 288 1279 at
312 1212 602 1296 mythographum
627 1212 758 1280 Ovidio
792 1212 939 1280 subesse
970 1230 1076 1296 posse
1108 1213 1269 1279 diximus.

216 1322 279 1388 sed
294 1321 423 1389 Maassi
446 1325 614 1389 sententia
632 1321 722 1404 (10),
745 1341 811 1405 qua
834 1336 971 1404 poetam
996 1322 1141 1388 eandem
1166 1336 1270 1389 meta·

216 1430 454 1514 morphoseon
492 1430 649 1514 syllogen
683 1430 883 1498 adhibuisse
918 1431 1111 1513 contendit,
1150 1449 1168 1497 e
1202 1449 1268 1514 qua

215 1537 353 1606 fluxerit
376 1558 477 1623 quam
495 1540 576 1606 dicit
599 1540 929 1624 metamorphoseon
950 1539 1083 1622 sylloge
1099 1539 1268 1620 Medicea,

216 1647 405 1715 rationibus
429 1651 582 1714 innititur
604 1664 671 1716 tam
694 1648 829 1716 levibus
854 1663 886 1715 et
902 1647 1046 1714 infirmis
1070 1662 1105 1713 ut
1126 1651 1268 1713 omnino

215 1758 386 1841 impediar
401 1760 587 1841 quominus
609 1777 684 1825 eam
705 1772 810 1825 ratam
831 1756 985 1824 habeam.
1016 1758 1149 1840 primus
1165 1756 1270 1824 Wila·

216 1868 408 1932 mowitzius
432 1864 509 1948 (11)
533 1867 618 1933 vidit
645 1870 774 1934 seriem
803 1864 1145 1949 metamorphoseon,
1180 1884 1268 1949 quae

216 1993 235 2041 e
259 1974 359 2041 codd.
382 1974 476 2041 Med.
500 1990 533 2042 et
555 1975 675 2043 Escur.
698 1990 869 2059 protracta
903 1974 1030 2059 publici
1065 1977 1150 2041 iuris
1183 1973 1268 2041 lacta

216 2097 268 2150 est
291 2080 385 2165 (12),
418 2083 574 2166 pendere
601 2103 646 2150 ex
669 2082 777 2150 Ovidi
805 2084 901 2151 libris
924 2082 1267 2167 Metamorphoseon.

216 2191 310 2275 quod
337 2193 412 2274 ipse
436 2190 765 2274 metamorphoseon
796 2192 896 2273 ordo,
927 2194 984 2275 qui
1015 2191 1107 2275 apud
1137 2205 1267 2257 utrum-

217 2319 284 2383 que
307 2302 513 2382 scriptorem
548 2318 694 2383 prorsus
728 2300 820 2367 idem
844 2315 906 2382 est,
940 2300 1133 2368 luculenter
1156 2300 1266 2367 docet.

215 2410 387 2476 Maassius
420 2427 506 2474 vero
541 2411 691 2474 animum
729 2409 874 2476 advertit
908 2410 950 2476 ad
984 2424 1054 2476 tres
1088 2412 1266 2476 nominum

250 2707 288 2775 (9)
307 2709 343 2760 de
361 2717 420 2761 toto
438 2708 544 2775 epyllio
564 2722 629 2762 cum
642 2710 831 2762 vehementer
848 2710 986 2777 dubitem,
1005 2725 1062 2763 non
1080 2711 1164 2764 valde
1182 2711 1266 2762 doleo

216 2801 317 2859 poetae
335 2806 442 2845 nomen
462 2805 519 2845 non
538 2807 683 2861 apparere,
709 2794 785 2859 quod
805 2793 949 2848 Maassius
975 2795 1050 2861 apud
1068 2794 1214 2862 Hyginum
1239 2797 1266 2846 in

215 2877 303 2929 verbo
330 2876 406 2943 quod
434 2884 479 2929 est
497 2874 625 2929 Creticis
652 2877 823 2930 delitescere
850 2879 1020 2946 suspicatur.
1055 2892 1108 2944 age
1125 2878 1267 2944 lingamus

216 2974 322 3013 nomen
349 2960 497 3027 quodlibet
523 2969 551 3013 et
574 2962 735 3015 scribamus
763 2963 791 3015 in
819 2964 897 3016 hunc
924 2963 1055 3016 modum:
1085 2960 1120 3011 cle
1147 2973 1207 3025 qno
1233 2957 1265 3009 in

215 3041 343 3097 Hesiodi
368 3041 519 3108 versibus,
548 3044 614 3111 quis
641 3059 777 3112 umquam
805 3046 847 3098 sic
875 3047 989 3099 locutus
1015 3042 1082 3096 est?
1117 3041 1266 3108 scriptoris

216 3129 325 3181 nomini
351 3128 398 3182 hic
424 3129 523 3182 nullus
542 3131 624 3182 locus
643 3143 710 3183 esse
729 3127 849 3181 videtur.
880 3129 948 3195 quid
967 3126 1057 3194 ergo?
1085 3127 1264 3193 exploratum

215 3211 356 3264 habemus
369 3211 474 3278 Hygini
495 3211 608 3265 fabulas
627 3226 661 3265 ex
680 3225 768 3279 opere
781 3210 893 3265 Graeco
911 3213 940 3265 in
955 3210 1085 3267 Latinum
1099 3224 1265 3264 sermonem

215 3309 371 3349 conversas
384 3311 459 3350 esse.
486 3297 581 3363 itaque
600 3297 654 3349 hos
673 3310 788 3363 quoque
805 3309 909 3349 versus
923 3310 940 3348 e
953 3295 1073 3350 Graecis
1092 3296 1267 3349 hexametris

215 3380 369 3433 translatos
383 3395 450 3434 esse
463 3380 644 3446 crediderim,
662 3380 902 3449 mythographum
915 3388 1010 3433 autem
1030 3380 1165 3434 laudasse
1184 3394 1268 3446 opus,

215 3462 260 3516 cui
291 3478 398 3516 nomen
428 3471 508 3518 esset
536 3464 656 3535 Κρητικὰ
682 3466 738 3530 ἔπη.
774 3469 903 3518 ceterum
934 3465 990 3517 iam
1021 3465 1090 3518 olim
1121 3465 1267 3532 perspexit

215 3547 389 3600 blunclcerus
409 3549 444 3600 de
462 3548 610 3614 versibus,
636 3549 741 3615 quibus
760 3563 806 3602 res
826 3546 957 3602 Creticae
976 3558 1167 3613 narrarentur,
1193 3550 1266 3612 cogi-

215 3631 333 3683 tandum
353 3644 428 3684 esse.

249 3729 306 3796 (10)
326 3731 344 3783 l.
362 3731 380 3784 l.
399 3745 424 3798 p.
442 3731 500 3784 XV.

249 3819 306 3888 (11)
325 3821 462 3876 Analecta
480 3823 631 3890 Euripides
650 3839 675 3891 p.
697 3825 757 3879 182.

249 3911 306 3978 (12)
325 3911 476 3967 Westerm.
497 3914 590 3982 Biogr.
612 3930 638 3981 p.
655 3915 715 3969 ³47.
