2978 4546
683 344 801 446 (21)

221 517 437 601 morphosin,
460 533 562 599 quam
586 514 717 582 scholia
742 511 777 581 G
794 512 872 596 (31)
898 513 983 581 ialso
1007 514 1085 580 loco
1102 514 1271 581 collocant

222 629 352 692 omisso
386 624 559 708 supplicio
586 623 746 690 illiorum.
791 623 857 689 hoc
891 625 992 707 igitur
1024 623 1102 689 loeo
1128 637 1272 689 nonest

221 734 363 800 dubium
398 736 480 818 quin
515 735 817 816 grammaticorum
851 734 934 798 vitio
968 734 1003 798 in
1027 733 1271 799 catasterismis

220 841 513 926 metamorphosis
547 841 719 925 Lycaonis
757 860 826 907 non
864 841 1004 924 legatur.
1062 841 1157 924 quod
1194 858 1272 924 per·

219 955 334 1036 spexit
371 951 544 1018 Robertus
582 953 641 1034 qui
675 950 795 1016 lacuna
830 949 975 1016 indicata
1013 963 1092 1033 post
1127 961 1274 1036 κεραυνοῖ

220 1060 445 1127 inserendum
480 1061 630 1127 censuit:
674 1055 778 1124 αὐτόν
813 1058 848 1123 δὲ
885 1061 929 1134 εἰς
961 1055 1057 1124 λύκον
1087 1058 1271 1142 μετέβαλεν.

220 1172 275 1236 cui
309 1168 458 1235 libenter
480 1170 680 1250 assentirer,
714 1168 780 1233 nisi
815 1180 1005 1250 praestaret
1037 1169 1071 1233 in
1099 1167 1271 1234 eiusmodi

219 1280 358 1361 scriptis
383 1279 549 1344 correctis
573 1275 793 1343 librariorum
828 1277 979 1359 peccatis
1013 1276 1107 1359 quod
1130 1277 1273 1359 perierit

220 1387 393 1470 perditum
431 1387 576 1466 ducere3
621 1385 727 1450 modo
772 1385 920 1467 periisse
960 1383 1082 1450 videas
1119 1384 1272 1467 quidque

220 1497 387 1579 scriptum
411 1493 514 1561 luerit
537 1493 724 1576 intellegas.

261 1603 364 1670 simili
401 1616 514 1671 autem
559 1602 664 1667 modo
703 1600 913 1667 crediderim
955 1601 1091 1667 mutilas
1129 1600 1273 1684 Apollo-

219 1712 296 1778 dori
321 1709 399 1794 (32)
425 1710 625 1795 Hyginique
649 1708 782 1777 fabulas
805 1707 949 1775 fluxisse
974 1728 993 1776 e
1017 1707 1179 1792 lontibus,
1213 1709 1271 1776 ubi

219 1819 359 1903 Lycaon
394 1838 471 1886 cum
496 1818 573 1886 liliis
597 1818 713 1886 scelus
736 1819 916 1884 admittere
950 1834 1151 1900 poenasque
1174 1818 1271 1885 luere

220 1927 427 1995 tradebatur.

262 2052 294 2103 at
317 2038 562 2104 revertendum
587 2050 639 2104 est
661 2038 703 2103 ad
720 2034 900 2103 Ovidium.
932 2037 1031 2102 cuius
1055 2034 1134 2102 fons
1151 2036 1269 2102 dubito

218 2165 300 2211 num
325 2144 450 2213 melior
473 2160 506 2213 et
530 2145 734 2230 explicatior
756 2145 870 2227 luerit,
897 2146 1028 2228 quippe
1051 2145 1143 2228 apud
1166 2163 1270 2227 quem

217 2255 332 2322 scelus
356 2274 373 2320 a
397 2256 474 2323 solo
497 2254 659 2338 Lycaone
683 2267 915 2338 perpetretur,
948 2271 1079 2336 poenas
1113 2253 1182 2320 luat
1205 2267 1272 2320 tota

218 2363 358 2430 domus:

215 2580 270 2632 240
377 2610 380 2615 -
618 2580 721 2634 occidit
740 2594 796 2633 una
815 2580 920 2633 domus

220 2782 347 2846 etenim
372 2781 473 2845 exiis
496 2798 584 2861 quae
607 2793 816 2862 sequuntur:

678 2994 730 3047 sed
749 3006 808 3046 non
826 2992 932 3046 domus
951 3009 1007 3048 una
1025 2997 1120 3063 perire

362 3079 447 3144 digna
467 3077 533 3131 iuit:
552 3092 608 3145 qua
626 3085 701 3131 terra
719 3084 796 3144 patet
814 3076 876 3130 iera
894 3087 993 3145 regnat
1011 3077 1122 3145 Erinys,

249 3402 306 3469 (si)
331 3418 358 3471 p.
380 3405 438 3458 123.
455 3405 500 3459 20.

250 3505 306 3573 (32)
330 3505 358 3558 in
388 3505 561 3560 bibliotheca
595 3507 667 3561 illud
698 3508 800 3561 saltem
836 3521 921 3575 aegre
956 3508 1148 3573 desideratur,
1191 3509 1268 3576 quod

216 3587 355 3656 Lycaonis
374 3590 423 3644 lilii
441 3591 578 3658 suspicati
598 3599 667 3645 sunt
684 3593 769 3661 ἄνδρα
784 3587 914 3662 gipuino
935 3593 1022 3646 istum
1042 3591 1162 3646 lorsitan
1182 3591 1269 3646 deum

216 3686 291 3726 esse.
320 3689 393 3741 quae
419 3676 548 3742 suspicio
575 3691 611 3730 ne
639 3677 705 3729 oriri
725 3675 842 3743 quidem
861 3677 960 3742 potuit,
987 3676 1042 3729 nisi
1062 3677 1127 3744 ipse
1145 3676 1270 3744 luppiter

217 3756 369 3810 caelestem
390 3773 473 3812 suam
493 3757 633 3826 originem
653 3760 838 3826 prodidisset,
856 3769 887 3812 ut
905 3769 950 3813 est
967 3761 1042 3827 apud
1061 3759 1209 3815 Ovidium:

217 3899 234 3951 l.
252 3901 306 3951 220
524 3906 614 3972 signa
632 3906 702 3960 dedi
721 3905 837 3960 uenisse
854 3907 951 3962 deum.

1033 4008 1051 4059 2
