2978 4546
677 389 795 494 (19)

440 569 523 614 nocte
541 574 656 627 gravem
676 573 780 612 somno
799 558 940 626 necopina
957 557 1078 625 perdere
1096 563 1188 610 morte

439 659 486 698 me
505 651 594 710 parat:
614 644 685 697 haee
703 643 743 696 illi
762 643 854 710 placet
872 641 1047 709 experientia
1063 641 1132 695 veri.

438 742 492 781 nec
510 734 664 781 contentus
683 741 717 781 eo
736 735 794 781 est:
812 727 895 780 missi
914 726 950 779 de
967 733 1052 794 genre
1069 724 1199 779 Molossa

439 812 549 866 obsidis
567 812 654 865 unius
673 811 802 878 iugulum
823 824 960 864 mucrone
979 810 1156 864 resolvit...

256 1033 325 1100 quo
360 1015 438 1082 loeo
463 1015 630 1099 perlecto,
664 1017 741 1098 quis
775 1028 827 1081 est
860 1016 942 1098 quin
965 1015 1088 1080 sentiat
1120 1012 1163 1079 ad
1186 1029 1264 1095 per-

214 1126 429 1208 spicuitatem
453 1125 645 1192 desiderari
679 1122 861 1190 nonnihil?
894 1126 938 1189 ait
960 1121 1100 1205 Lycaon
1133 1140 1171 1188 se
1205 1140 1265 1188 ex-

215 1237 322 1318 periri
355 1234 446 1302 velle
470 1247 584 1300 utrum
608 1233 740 1318 hospes
764 1235 851 1300 deus
885 1250 926 1298 an
950 1229 1103 1298 mortalis
1137 1233 1189 1297 sit.
1233 1245 1265 1296 ar

214 1347 517 1428 operaepretium
541 1357 593 1411 est
614 1343 737 1410 videre
762 1342 950 1426 quomodo.

364 1571 448 1614 nocte
466 1575 581 1629 gravem
601 1574 706 1614 somno
725 1560 866 1627 necopina
885 1560 1005 1626 perdere
1024 1566 1115 1611 morte

365 1661 411 1699 me
430 1654 520 1712 paror:
540 1646 612 1699 haec
630 1645 670 1698 illi
690 1644 783 1710 placet
802 1642 976 1709 experientia
994 1643 1064 1694 veri.

258 1846 471 1926 experientia
509 1863 591 1910 sane
628 1863 731 1928 quant
776 1843 973 1928 periculosa
1020 1846 1123 1910 deum
1169 1840 1261 1907 ferro

216 1953 365 2035 aggredi,
399 1966 434 2018 ut
457 1955 639 2035 experiare
673 1972 754 2019 nurn
779 1951 981 2020 immortalis
1014 1954 1066 2017 sit.
1110 1952 1173 2017 sed
1196 1949 1263 2015 hoc

216 2063 403 2143 mittamus3
427 2064 583 2145 sequitur

565 2260 619 2298 nec
637 2253 789 2298 Contentus
808 2259 842 2297 eo
862 2253 906 2297 est

213 2422 371 2506 intellege
405 2422 472 2488 hoc
505 2422 661 2505 periculo
696 2423 859 2504 parando.
904 2421 970 2487 alio
1005 2423 1102 2502 prius
1126 2421 1262 2502 experi-

214 2545 329 2598 mento
352 2548 442 2614 opus
466 2549 545 2597 esse
569 2543 703 2597 censet:

255 2638 431 2704 hominem
455 2639 611 2719 trucidat,
644 2637 716 2704 Iovi
751 2637 915 2706 netandas
940 2657 1077 2705 mensas
1111 2640 1261 2721 apponit.

214 2745 455 2824 quaerendem
472 2743 525 2809 bis
548 2747 751 2828 experiendi
776 2749 860 2813 ratio
882 2747 938 2814 vei
963 2749 1150 2814 necessitas
1165 2746 1262 2813 erat?

213 2849 357 2916 forsitan
381 2852 532 2916 conicias
555 2850 676 2918 verba:

463 3050 534 3103 haec
552 3049 592 3102 illi
611 3050 704 3116 placet
722 3052 896 3116 experientia
913 3053 972 3104 veri

214 3269 294 3317 esse
332 3251 538 3334 indignantis
576 3266 609 3317 er
646 3253 821 3319 irridentis
858 3252 1046 3338 Iovemque
1091 3254 1262 3321 invidiose

215 3372 374 3442 repetere
408 3361 482 3442 ipsa
505 3358 676 3442 Lycaonis
709 3362 825 3429 verba.
869 3362 932 3429 sed
957 3362 1179 3429 nullomodo
1204 3381 1263 3429 ex·

215 3468 347 3551 pedies‚
371 3468 486 3549 credo,
511 3467 608 3534 illud:

466 3666 519 3705 nec
535 3659 689 3707 contentus
708 3670 741 3707 eo
761 3663 813 3708 est.

258 3834 471 3903 quapropter
494 3823 648 3903 suspicio
665 3820 788 3889 abesse
806 3840 875 3889 non
892 3837 1005 3907 potest
1021 3826 1205 3891 insiticium
1229 3839 1262 3891 et

216 3921 257 3988 ab
281 3925 358 4007 ipso
382 3942 483 4010 poeta
507 3931 683 3996 inventum
708 3948 787 3997 esse
811 3931 926 3998 caedis
950 3931 1144 4013 consilium,
1167 3933 1261 4015 quod
