<?xml version="1.0" encoding="UTF-8"?>
<!DOCTYPE html PUBLIC "-//W3C//DTD XHTML 1.0 Transitional//EN"
    "http://www.w3.org/TR/xhtml1/DTD/xhtml1-transitional.dtd">
<html xmlns="http://www.w3.org/1999/xhtml" xml:lang="en" lang="en">
 <head>
  <title>
</title>
<meta http-equiv="Content-Type" content="text/html;charset=utf-8" />
  <meta name='ocr-system' content='tesseract 3.04.00' />
  <meta name='ocr-capabilities' content='ocr_page ocr_carea ocr_par ocr_line ocrx_word'/>
</head>
<body>
  <div class='ocr_page' id='page_1' title='image "./deovidimythopoe00vollgoog_0073.png"; bbox 0 0 2978 4546; ppageno 0'>
   <div class='ocr_carea' id='block_1_1' title="bbox 684 365 803 467">
    <p class='ocr_par' dir='ltr' id='par_1_1' title="bbox 684 365 803 467">
     <span class='ocr_line' id='line_1_1' title="bbox 684 365 803 467; baseline 0 0"><span class='ocrx_word' id='word_1_1' title='bbox 684 365 803 467; x_wconf 74' lang='lat'><strong>(58)</strong></span> 
     </span>
    </p>
   </div>
   <div class='ocr_carea' id='block_1_2' title="bbox 218 533 1275 2690">
    <p class='ocr_par' dir='ltr' id='par_1_2' title="bbox 219 533 1275 1276">
     <span class='ocr_line' id='line_1_2' title="bbox 262 533 1274 623; baseline -0.009 -15"><span class='ocrx_word' id='word_1_2' title='bbox 262 541 346 608; x_wconf 89' lang='lat' dir='ltr'>haec</span> <span class='ocrx_word' id='word_1_3' title='bbox 381 538 549 607; x_wconf 83' lang='lat' dir='ltr'>habebam</span> <span class='ocrx_word' id='word_1_4' title='bbox 583 557 671 623; x_wconf 91' lang='lat' dir='ltr'>quae</span> <span class='ocrx_word' id='word_1_5' title='bbox 705 537 749 603; x_wconf 92' lang='lat' dir='ltr'>de</span> <span class='ocrx_word' id='word_1_6' title='bbox 778 535 1002 603; x_wconf 87' lang='lat' dir='ltr'>Phaethontis</span> <span class='ocrx_word' id='word_1_7' title='bbox 1037 533 1148 601; x_wconf 88' lang='lat' dir='ltr'>labula</span> <span class='ocrx_word' id='word_1_8' title='bbox 1183 535 1274 618; x_wconf 93' lang='lat' dir='ltr'>apud</span> 
     </span>
     <span class='ocr_line' id='line_1_3' title="bbox 221 645 1274 729; baseline -0.007 -13"><span class='ocrx_word' id='word_1_9' title='bbox 221 647 390 718; x_wconf 91' lang='lat' dir='ltr'>Ovidium</span> <span class='ocrx_word' id='word_1_10' title='bbox 425 649 590 715; x_wconf 83' lang='lat' dir='ltr'><strong>dicerem.</strong></span> <span class='ocrx_word' id='word_1_11' title='bbox 645 650 711 712; x_wconf 95' lang='lat' dir='ltr'>iam</span> <span class='ocrx_word' id='word_1_12' title='bbox 746 645 984 729; x_wconf 93' lang='lat' dir='ltr'>quaerendum</span> <span class='ocrx_word' id='word_1_13' title='bbox 1019 658 1071 710; x_wconf 90' lang='lat' dir='ltr'>est</span> <span class='ocrx_word' id='word_1_14' title='bbox 1104 661 1274 726; x_wconf 86' lang='lat' dir='ltr'>quaenam</span> 
     </span>
     <span class='ocr_line' id='line_1_4' title="bbox 220 751 1275 841; baseline -0.007 -16"><span class='ocrx_word' id='word_1_15' title='bbox 220 757 364 840; x_wconf 82' lang='lat' dir='ltr'>fabulae,</span> <span class='ocrx_word' id='word_1_16' title='bbox 388 757 524 841; x_wconf 89' lang='lat' dir='ltr'>qualem</span> <span class='ocrx_word' id='word_1_17' title='bbox 549 754 681 823; x_wconf 87' lang='lat' dir='ltr'>Ovidio</span> <span class='ocrx_word' id='word_1_18' title='bbox 705 753 889 822; x_wconf 84' lang='lat' dir='ltr'>exhibebat</span> <span class='ocrx_word' id='word_1_19' title='bbox 912 751 1198 836; x_wconf 85' lang='lat' dir='ltr'>mythographus,</span> <span class='ocrx_word' id='word_1_20' title='bbox 1224 755 1275 819; x_wconf 91' lang='lat' dir='ltr'>in-</span> 
     </span>
     <span class='ocr_line' id='line_1_5' title="bbox 220 862 1273 950; baseline -0.004 -17"><span class='ocrx_word' id='word_1_21' title='bbox 220 867 318 933; x_wconf 86' lang='lat' dir='ltr'>doles</span> <span class='ocrx_word' id='word_1_22' title='bbox 342 869 385 932; x_wconf 91' lang='lat' dir='ltr'>sit</span> <span class='ocrx_word' id='word_1_23' title='bbox 407 880 508 950; x_wconf 91' lang='lat' dir='ltr'>atque</span> <span class='ocrx_word' id='word_1_24' title='bbox 531 867 641 949; x_wconf 86' lang='lat' dir='ltr'>origo.</span> <span class='ocrx_word' id='word_1_25' title='bbox 678 867 792 948; x_wconf 89' lang='lat' dir='ltr'>itaque</span> <span class='ocrx_word' id='word_1_26' title='bbox 815 862 1097 947; x_wconf 91' lang='lat' dir='ltr'>quandoquidem</span> <span class='ocrx_word' id='word_1_27' title='bbox 1121 864 1195 945; x_wconf 89' lang='lat' dir='ltr'>ipsa</span> <span class='ocrx_word' id='word_1_28' title='bbox 1216 880 1273 929; x_wconf 91' lang='lat' dir='ltr'>res</span> 
     </span>
     <span class='ocr_line' id='line_1_6' title="bbox 220 971 1275 1057; baseline -0.003 -17"><span class='ocrx_word' id='word_1_29' title='bbox 220 978 262 1042; x_wconf 97' lang='lat' dir='ltr'>ita</span> <span class='ocrx_word' id='word_1_30' title='bbox 287 974 362 1057; x_wconf 87' lang='lat' dir='ltr'>lert,</span> <span class='ocrx_word' id='word_1_31' title='bbox 384 973 596 1057; x_wconf 85' lang='lat' dir='ltr'>subiungere</span> <span class='ocrx_word' id='word_1_32' title='bbox 616 973 698 1040; x_wconf 94' lang='lat' dir='ltr'>libet</span> <span class='ocrx_word' id='word_1_33' title='bbox 721 991 808 1056; x_wconf 89' lang='lat' dir='ltr'>quae</span> <span class='ocrx_word' id='word_1_34' title='bbox 832 971 915 1039; x_wconf 92' lang='lat' dir='ltr'>mihi</span> <span class='ocrx_word' id='word_1_35' title='bbox 939 974 973 1037; x_wconf 92' lang='lat' dir='ltr'>in</span> <span class='ocrx_word' id='word_1_36' title='bbox 995 983 1145 1038; x_wconf 87' lang='lat' dir='ltr'>mentem</span> <span class='ocrx_word' id='word_1_37' title='bbox 1167 989 1275 1037; x_wconf 87' lang='lat' dir='ltr'>vene-</span> 
     </span>
     <span class='ocr_line' id='line_1_7' title="bbox 219 1080 1272 1166; baseline -0.004 -17"><span class='ocrx_word' id='word_1_38' title='bbox 219 1097 312 1166; x_wconf 90' lang='lat' dir='ltr'>runt,</span> <span class='ocrx_word' id='word_1_39' title='bbox 335 1102 413 1150; x_wconf 91' lang='lat' dir='ltr'>cum</span> <span class='ocrx_word' id='word_1_40' title='bbox 437 1082 588 1166; x_wconf 83' lang='lat' dir='ltr'>legerem</span> <span class='ocrx_word' id='word_1_41' title='bbox 612 1081 689 1148; x_wconf 83' lang='lat' dir='ltr'>libri</span> <span class='ocrx_word' id='word_1_42' title='bbox 713 1080 864 1148; x_wconf 86' lang='lat' dir='ltr'>Knaaclti</span> <span class='ocrx_word' id='word_1_43' title='bbox 888 1092 990 1164; x_wconf 89' lang='lat' dir='ltr'>caput</span> <span class='ocrx_word' id='word_1_44' title='bbox 1013 1082 1180 1163; x_wconf 89' lang='lat' dir='ltr'>primum,</span> <span class='ocrx_word' id='word_1_45' title='bbox 1203 1097 1272 1163; x_wconf 93' lang='lat' dir='ltr'>quo</span> 
     </span>
     <span class='ocr_line' id='line_1_8' title="bbox 220 1190 805 1276; baseline -0.005 -17"><span class='ocrx_word' id='word_1_46' title='bbox 220 1194 285 1276; x_wconf 84' lang='lat' dir='ltr'>agit</span> <span class='ocrx_word' id='word_1_47' title='bbox 308 1193 351 1259; x_wconf 98' lang='lat' dir='ltr'>de</span> <span class='ocrx_word' id='word_1_48' title='bbox 375 1191 588 1258; x_wconf 78' lang='lat' dir='ltr'>Phaethonte</span> <span class='ocrx_word' id='word_1_49' title='bbox 613 1190 805 1257; x_wconf 89' lang='lat' dir='ltr'>Hesiodeo.</span> 
     </span>
    </p>

    <p class='ocr_par' dir='ltr' id='par_1_3' title="bbox 218 1296 1274 2145">
     <span class='ocr_line' id='line_1_9' title="bbox 261 1296 1273 1384; baseline -0.002 -17"><span class='ocrx_word' id='word_1_50' title='bbox 261 1319 337 1367; x_wconf 95' lang='lat' dir='ltr'>mea</span> <span class='ocrx_word' id='word_1_51' title='bbox 360 1301 501 1383; x_wconf 95' lang='lat' dir='ltr'>quidem</span> <span class='ocrx_word' id='word_1_52' title='bbox 528 1302 694 1384; x_wconf 90' lang='lat' dir='ltr'>opinione</span> <span class='ocrx_word' id='word_1_53' title='bbox 718 1296 870 1368; x_wconf 82' lang='lat' dir='ltr'>Carolus</span> <span class='ocrx_word' id='word_1_54' title='bbox 894 1297 1024 1364; x_wconf 86' lang='lat' dir='ltr'>Robert</span> <span class='ocrx_word' id='word_1_55' title='bbox 1048 1296 1150 1380; x_wconf 85' lang='lat'><strong>(119)</strong></span> <span class='ocrx_word' id='word_1_56' title='bbox 1179 1312 1273 1365; x_wconf 92' lang='lat' dir='ltr'>recte</span> 
     </span>
     <span class='ocr_line' id='line_1_10' title="bbox 218 1405 1272 1476; baseline -0.003 0"><span class='ocrx_word' id='word_1_57' title='bbox 218 1410 304 1476; x_wconf 89' lang='lat' dir='ltr'>vidit</span> <span class='ocrx_word' id='word_1_58' title='bbox 329 1407 539 1475; x_wconf 91' lang='lat' dir='ltr'>scholiasten</span> <span class='ocrx_word' id='word_1_59' title='bbox 564 1407 800 1476; x_wconf 89' lang='lat' dir='ltr'>Strozzianum</span> <span class='ocrx_word' id='word_1_60' title='bbox 831 1410 865 1473; x_wconf 93' lang='lat' dir='ltr'>in</span> <span class='ocrx_word' id='word_1_61' title='bbox 893 1405 1144 1475; x_wconf 92' lang='lat' dir='ltr'>Germanicum</span> <span class='ocrx_word' id='word_1_62' title='bbox 1175 1405 1272 1474; x_wconf 90' lang='lat' dir='ltr'>iabu-</span> 
     </span>
     <span class='ocr_line' id='line_1_11' title="bbox 219 1514 1274 1600; baseline -0.002 -16"><span class='ocrx_word' id='word_1_63' title='bbox 219 1519 283 1584; x_wconf 92' lang='lat' dir='ltr'>lam</span> <span class='ocrx_word' id='word_1_64' title='bbox 308 1516 532 1584; x_wconf 93' lang='lat' dir='ltr'>Phaethontis</span> <span class='ocrx_word' id='word_1_65' title='bbox 555 1514 714 1584; x_wconf 81' lang='lat' dir='ltr'>hausisse</span> <span class='ocrx_word' id='word_1_66' title='bbox 738 1535 782 1583; x_wconf 89' lang='lat' dir='ltr'>ex</span> <span class='ocrx_word' id='word_1_67' title='bbox 803 1515 933 1600; x_wconf 85' lang='lat' dir='ltr'><strong>Hygini</strong></span> <span class='ocrx_word' id='word_1_68' title='bbox 957 1514 1150 1582; x_wconf 80' lang='lat' dir='ltr'>fabularum</span> <span class='ocrx_word' id='word_1_69' title='bbox 1174 1515 1274 1582; x_wconf 92' lang='lat' dir='ltr'>libro.</span> 
     </span>
     <span class='ocr_line' id='line_1_12' title="bbox 220 1625 1274 1693; baseline -0.003 0"><span class='ocrx_word' id='word_1_70' title='bbox 220 1625 415 1693; x_wconf 89' lang='lat' dir='ltr'>Knaackius</span> <span class='ocrx_word' id='word_1_71' title='bbox 430 1644 516 1693; x_wconf 90' lang='lat' dir='ltr'>vero</span> <span class='ocrx_word' id='word_1_72' title='bbox 529 1625 671 1692; x_wconf 89' lang='lat' dir='ltr'>Roberti</span> <span class='ocrx_word' id='word_1_73' title='bbox 688 1627 856 1692; x_wconf 89' lang='lat' dir='ltr'>sententia</span> <span class='ocrx_word' id='word_1_74' title='bbox 869 1627 995 1692; x_wconf 92' lang='lat' dir='ltr'>reiecta</span> <span class='ocrx_word' id='word_1_75' title='bbox 1012 1637 1131 1691; x_wconf 94' lang='lat' dir='ltr'>censet</span> <span class='ocrx_word' id='word_1_76' title='bbox 1143 1637 1274 1691; x_wconf 91' lang='lat' dir='ltr'>utrum·</span> 
     </span>
     <span class='ocr_line' id='line_1_13' title="bbox 219 1733 1274 1820; baseline -0.002 -19"><span class='ocrx_word' id='word_1_77' title='bbox 219 1754 287 1819; x_wconf 93' lang='lat' dir='ltr'>que</span> <span class='ocrx_word' id='word_1_78' title='bbox 314 1737 520 1820; x_wconf 86' lang='lat' dir='ltr'>scriptorem</span> <span class='ocrx_word' id='word_1_79' title='bbox 550 1754 569 1802; x_wconf 93' lang='lat' dir='ltr'>e</span> <span class='ocrx_word' id='word_1_80' title='bbox 597 1733 992 1801; x_wconf 89' lang='lat' dir='ltr'>Pseudo-Eratosthene</span> <span class='ocrx_word' id='word_1_81' title='bbox 1026 1736 1046 1799; x_wconf 92' lang='lat' dir='ltr'>i.</span> <span class='ocrx_word' id='word_1_82' title='bbox 1073 1752 1102 1800; x_wconf 91' lang='lat' dir='ltr'>e.</span> <span class='ocrx_word' id='word_1_83' title='bbox 1130 1733 1274 1800; x_wconf 87' lang='lat' dir='ltr'>scholiis</span> 
     </span>
     <span class='ocr_line' id='line_1_14' title="bbox 219 1841 1273 1928; baseline -0.001 -18"><span class='ocrx_word' id='word_1_84' title='bbox 219 1843 354 1911; x_wconf 85' lang='lat' dir='ltr'>Arateis</span> <span class='ocrx_word' id='word_1_85' title='bbox 378 1842 526 1912; x_wconf 81' lang='lat' dir='ltr'>fabulam</span> <span class='ocrx_word' id='word_1_86' title='bbox 542 1843 711 1912; x_wconf 88' lang='lat' dir='ltr'>hausisse.</span> <span class='ocrx_word' id='word_1_87' title='bbox 746 1862 874 1928; x_wconf 86' lang='lat' dir='ltr'>operae</span> <span class='ocrx_word' id='word_1_88' title='bbox 898 1845 1046 1926; x_wconf 92' lang='lat' dir='ltr'>pretium</span> <span class='ocrx_word' id='word_1_89' title='bbox 1064 1856 1116 1910; x_wconf 89' lang='lat' dir='ltr'>est</span> <span class='ocrx_word' id='word_1_90' title='bbox 1131 1841 1273 1910; x_wconf 90' lang='lat' dir='ltr'>Roberti</span> 
     </span>
     <span class='ocr_line' id='line_1_15' title="bbox 219 1950 1273 2037; baseline 0 -18"><span class='ocrx_word' id='word_1_91' title='bbox 219 1956 422 2020; x_wconf 88' lang='lat' dir='ltr'>sententiam</span> <span class='ocrx_word' id='word_1_92' title='bbox 439 1972 532 2020; x_wconf 92' lang='lat' dir='ltr'>novo</span> <span class='ocrx_word' id='word_1_93' title='bbox 549 1967 750 2037; x_wconf 85' lang='lat' dir='ltr'>argumento</span> <span class='ocrx_word' id='word_1_94' title='bbox 770 1952 918 2020; x_wconf 82' lang='lat' dir='ltr'>firmare.</span> <span class='ocrx_word' id='word_1_95' title='bbox 952 1970 1066 2036; x_wconf 93' lang='lat' dir='ltr'>neque</span> <span class='ocrx_word' id='word_1_96' title='bbox 1083 1953 1117 2019; x_wconf 96' lang='lat' dir='ltr'>id</span> <span class='ocrx_word' id='word_1_97' title='bbox 1133 1950 1273 2019; x_wconf 86' lang='lat' dir='ltr'>difficile</span> 
     </span>
     <span class='ocr_line' id='line_1_16' title="bbox 220 2059 897 2145; baseline -0.003 -17"><span class='ocrx_word' id='word_1_98' title='bbox 220 2076 286 2128; x_wconf 93' lang='lat' dir='ltr'>est:</span> <span class='ocrx_word' id='word_1_99' title='bbox 310 2061 434 2145; x_wconf 83' lang='lat' dir='ltr'>legitur</span> <span class='ocrx_word' id='word_1_100' title='bbox 456 2063 548 2145; x_wconf 94' lang='lat' dir='ltr'>apud</span> <span class='ocrx_word' id='word_1_101' title='bbox 572 2061 751 2145; x_wconf 83' lang='lat' dir='ltr'>Hyginum</span> <span class='ocrx_word' id='word_1_102' title='bbox 775 2059 897 2144; x_wconf 83' lang='lat'><strong>(120):</strong></span> 
     </span>
    </p>

    <p class='ocr_par' dir='ltr' id='par_1_4' title="bbox 219 2169 1273 2690">
     <span class='ocr_line' id='line_1_17' title="bbox 263 2169 1273 2249; baseline 0.001 -13"><span class='ocrx_word' id='word_1_103' title='bbox 263 2189 424 2249; x_wconf 83' lang='lat' dir='ltr'>„sorores</span> <span class='ocrx_word' id='word_1_104' title='bbox 451 2184 565 2238; x_wconf 93' lang='lat' dir='ltr'>autem</span> <span class='ocrx_word' id='word_1_105' title='bbox 589 2170 812 2238; x_wconf 90' lang='lat' dir='ltr'>Phaethontis</span> <span class='ocrx_word' id='word_1_106' title='bbox 841 2172 923 2238; x_wconf 94' lang='lat' dir='ltr'>dum</span> <span class='ocrx_word' id='word_1_107' title='bbox 947 2173 1120 2238; x_wconf 91' lang='lat' dir='ltr'>interitum</span> <span class='ocrx_word' id='word_1_108' title='bbox 1144 2169 1273 2238; x_wconf 87' lang='lat' dir='ltr'>deflent</span> 
     </span>
     <span class='ocr_line' id='line_1_18' title="bbox 220 2278 1272 2363; baseline 0 -18"><span class='ocrx_word' id='word_1_109' title='bbox 220 2278 331 2345; x_wconf 83' lang='lat' dir='ltr'>fratris</span> <span class='ocrx_word' id='word_1_110' title='bbox 355 2282 389 2346; x_wconf 94' lang='lat' dir='ltr'>in</span> <span class='ocrx_word' id='word_1_111' title='bbox 412 2279 556 2347; x_wconf 92' lang='lat' dir='ltr'>arbores</span> <span class='ocrx_word' id='word_1_112' title='bbox 579 2294 659 2346; x_wconf 89' lang='lat' dir='ltr'>sunt</span> <span class='ocrx_word' id='word_1_113' title='bbox 681 2279 832 2363; x_wconf 93' lang='lat' dir='ltr'>populos</span> <span class='ocrx_word' id='word_1_114' title='bbox 855 2299 990 2347; x_wconf 89' lang='lat' dir='ltr'>versae.</span> <span class='ocrx_word' id='word_1_115' title='bbox 1028 2279 1150 2348; x_wconf 89' lang='lat' dir='ltr'>harum</span> <span class='ocrx_word' id='word_1_116' title='bbox 1173 2279 1272 2346; x_wconf 89' lang='lat' dir='ltr'>lacri-</span> 
     </span>
     <span class='ocr_line' id='line_1_19' title="bbox 219 2387 1271 2472; baseline 0.003 -18"><span class='ocrx_word' id='word_1_117' title='bbox 219 2407 305 2470; x_wconf 87' lang='lat' dir='ltr'>mae,</span> <span class='ocrx_word' id='word_1_118' title='bbox 337 2401 372 2454; x_wconf 90' lang='lat' dir='ltr'>ut</span> <span class='ocrx_word' id='word_1_119' title='bbox 395 2387 576 2455; x_wconf 89' lang='lat' dir='ltr'>Hesiodus</span> <span class='ocrx_word' id='word_1_120' title='bbox 599 2388 735 2470; x_wconf 91' lang='lat' dir='ltr'>indicat,</span> <span class='ocrx_word' id='word_1_121' title='bbox 766 2390 800 2454; x_wconf 94' lang='lat' dir='ltr'>in</span> <span class='ocrx_word' id='word_1_122' title='bbox 824 2387 989 2455; x_wconf 91' lang='lat' dir='ltr'>electrum</span> <span class='ocrx_word' id='word_1_123' title='bbox 1014 2403 1094 2455; x_wconf 91' lang='lat' dir='ltr'>sunt</span> <span class='ocrx_word' id='word_1_124' title='bbox 1116 2390 1271 2472; x_wconf 84' lang='lat' dir='ltr'>duratac3</span> 
     </span>
     <span class='ocr_line' id='line_1_20' title="bbox 221 2496 1271 2581; baseline 0.001 -18"><span class='ocrx_word' id='word_1_125' title='bbox 221 2496 389 2563; x_wconf 90' lang='lat' dir='ltr'>Heliades</span> <span class='ocrx_word' id='word_1_126' title='bbox 427 2511 540 2564; x_wconf 92' lang='lat' dir='ltr'>tamen</span> <span class='ocrx_word' id='word_1_127' title='bbox 579 2499 809 2564; x_wconf 87' lang='lat' dir='ltr'>nominantur.</span> <span class='ocrx_word' id='word_1_128' title='bbox 857 2512 937 2563; x_wconf 91' lang='lat' dir='ltr'>sunt</span> <span class='ocrx_word' id='word_1_129' title='bbox 975 2510 1089 2564; x_wconf 92' lang='lat' dir='ltr'>autem</span> <span class='ocrx_word' id='word_1_130' title='bbox 1122 2497 1271 2581; x_wconf 89' lang='lat' dir='ltr'>Merope</span> 
     </span>
     <span class='ocr_line' id='line_1_21' title="bbox 221 2603 1270 2690; baseline 0.002 -19"><span class='ocrx_word' id='word_1_131' title='bbox 221 2604 325 2672; x_wconf 88' lang='lat' dir='ltr'>Helie</span> <span class='ocrx_word' id='word_1_132' title='bbox 349 2603 456 2688; x_wconf 84' lang='lat' dir='ltr'>Aegle</span> <span class='ocrx_word' id='word_1_133' title='bbox 480 2603 657 2689; x_wconf 88' lang='lat' dir='ltr'>Lampetie</span> <span class='ocrx_word' id='word_1_134' title='bbox 690 2604 833 2673; x_wconf 89' lang='lat' dir='ltr'>Phoebe</span> <span class='ocrx_word' id='word_1_135' title='bbox 866 2605 1030 2674; x_wconf 91' lang='lat' dir='ltr'>Aetherie</span> <span class='ocrx_word' id='word_1_136' title='bbox 1064 2606 1270 2690; x_wconf 85' lang='lat' dir='ltr'>Dioxippe.“</span> 
     </span>
    </p>
   </div>
   <div class='ocr_carea' id='block_1_3' title="bbox 216 2912 1270 3149">
    <p class='ocr_par' dir='ltr' id='par_1_5' title="bbox 216 2912 1270 3149">
     <span class='ocr_line' id='line_1_22' title="bbox 216 2912 1270 2981; baseline 0.004 -16"><span class='ocrx_word' id='word_1_137' title='bbox 216 2912 295 2966; x_wconf 89' lang='lat' dir='ltr'>velut</span> <span class='ocrx_word' id='word_1_138' title='bbox 312 2912 427 2966; x_wconf 86' lang='lat' dir='ltr'>Metam.</span> <span class='ocrx_word' id='word_1_139' title='bbox 446 2913 465 2966; x_wconf 89' lang='grc'>1.</span> <span class='ocrx_word' id='word_1_140' title='bbox 488 2913 538 2968; x_wconf 88' lang='grc'>168</span> <span class='ocrx_word' id='word_1_141' title='bbox 551 2928 593 2981; x_wconf 89' lang='lat' dir='ltr'>sq.</span> <span class='ocrx_word' id='word_1_142' title='bbox 613 2915 700 2968; x_wconf 86' lang='lat' dir='ltr'>utitur</span> <span class='ocrx_word' id='word_1_143' title='bbox 717 2914 752 2967; x_wconf 90' lang='lat' dir='ltr'>ad</span> <span class='ocrx_word' id='word_1_144' title='bbox 774 2914 972 2969; x_wconf 86' lang='lat' dir='ltr'>illustrandam</span> <span class='ocrx_word' id='word_1_145' title='bbox 991 2914 1077 2969; x_wconf 91' lang='lat' dir='ltr'>Ovidi</span> <span class='ocrx_word' id='word_1_146' title='bbox 1096 2918 1270 2969; x_wconf 86' lang='lat' dir='ltr'>sententiam</span> 
     </span>
     <span class='ocr_line' id='line_1_23' title="bbox 217 2996 1270 3149; baseline 0.004 -101"><span class='ocrx_word' id='word_1_147' title='bbox 217 2997 253 3133; x_wconf 54' lang='lat' dir='ltr'>dg</span> <span class='ocrx_word' id='word_1_148' title='bbox 272 2998 452 3149; x_wconf 48' lang='lat' dir='ltr'>lffitletstqorbe</span> <span class='ocrx_word' id='word_1_149' title='bbox 471 2998 565 3066; x_wconf 88' lang='lat' dir='ltr'>deque</span> <span class='ocrx_word' id='word_1_150' title='bbox 592 2999 648 3052; x_wconf 92' lang='lat' dir='ltr'>situ</span> <span class='ocrx_word' id='word_1_151' title='bbox 676 2999 760 3065; x_wconf 90' lang='lat' dir='ltr'>palati</span> <span class='ocrx_word' id='word_1_152' title='bbox 781 2999 856 3052; x_wconf 90' lang='lat' dir='ltr'>lovis</span> <span class='ocrx_word' id='word_1_153' title='bbox 885 2999 922 3065; x_wconf 91' lang='lat' dir='ltr'>(p.</span> <span class='ocrx_word' id='word_1_154' title='bbox 944 2996 995 3064; x_wconf 83' lang='grc'>14).</span> <span class='ocrx_word' id='word_1_155' title='bbox 1032 2999 1148 3052; x_wconf 89' lang='lat' dir='ltr'>damnat</span> <span class='ocrx_word' id='word_1_156' title='bbox 1174 3007 1270 3053; x_wconf 86' lang='lat' dir='ltr'>autem</span> 
     </span>
    </p>
   </div>
   <div class='ocr_carea' id='block_1_4' title="bbox 367 3196 1126 3351">
    <p class='ocr_par' dir='ltr' id='par_1_6' title="bbox 367 3196 1126 3351">
     <span class='ocr_line' id='line_1_24' title="bbox 368 3196 1083 3266; baseline 0.006 -17"><span class='ocrx_word' id='word_1_157' title='bbox 368 3197 584 3266; x_wconf 71' lang='lat' dir='ltr'>comprimam</span> <span class='ocrx_word' id='word_1_158' title='bbox 601 3197 702 3253; x_wconf 78' lang='lat' dir='ltr'>radiis</span> <span class='ocrx_word' id='word_1_159' title='bbox 719 3196 814 3266; x_wconf 72' lang='lat' dir='ltr'>palidi</span> <span class='ocrx_word' id='word_1_160' title='bbox 832 3199 950 3252; x_wconf 77' lang='lat' dir='ltr'>coluere</span> <span class='ocrx_word' id='word_1_161' title='bbox 969 3197 1083 3253; x_wconf 80' lang='lat' dir='ltr'>triones</span> 
     </span>
     <span class='ocr_line' id='line_1_25' title="bbox 367 3280 1126 3351; baseline 0.004 -18"><span class='ocrx_word' id='word_1_162' title='bbox 367 3283 396 3333; x_wconf 83' lang='lat' dir='ltr'>et</span> <span class='ocrx_word' id='word_1_163' title='bbox 414 3280 506 3335; x_wconf 78' lang='lat' dir='ltr'>volito</span> <span class='ocrx_word' id='word_1_164' title='bbox 523 3281 647 3348; x_wconf 79' lang='lat' dir='ltr'>frustra</span> <span class='ocrx_word' id='word_1_165' title='bbox 666 3284 854 3349; x_wconf 77' lang='lat' dir='ltr'>temptarunt</span> <span class='ocrx_word' id='word_1_166' title='bbox 871 3297 998 3351; x_wconf 83' lang='lat' dir='ltr'>aequore</span> <span class='ocrx_word' id='word_1_167' title='bbox 1018 3282 1126 3351; x_wconf 74' lang='lat' dir='ltr'>linqui,</span> 
     </span>
    </p>
   </div>
   <div class='ocr_carea' id='block_1_5' title="bbox 217 3405 1272 3644">
    <p class='ocr_par' dir='ltr' id='par_1_7' title="bbox 217 3405 1272 3644">
     <span class='ocr_line' id='line_1_26' title="bbox 217 3405 1271 3477; baseline 0.003 -18"><span class='ocrx_word' id='word_1_168' title='bbox 217 3413 368 3473; x_wconf 87' lang='lat' dir='ltr'>propterea</span> <span class='ocrx_word' id='word_1_169' title='bbox 396 3406 473 3472; x_wconf 94' lang='lat' dir='ltr'>quod</span> <span class='ocrx_word' id='word_1_170' title='bbox 492 3405 614 3461; x_wconf 89' lang='lat' dir='ltr'>Ovidius</span> <span class='ocrx_word' id='word_1_171' title='bbox 634 3406 751 3461; x_wconf 91' lang='lat' dir='ltr'>demum</span> <span class='ocrx_word' id='word_1_172' title='bbox 770 3406 799 3460; x_wconf 88' lang='lat'>11.</span> <span class='ocrx_word' id='word_1_173' title='bbox 818 3407 873 3460; x_wconf 85' lang='lat'>505</span> <span class='ocrx_word' id='word_1_174' title='bbox 885 3423 948 3477; x_wconf 88' lang='lat' dir='ltr'>sqq.</span> <span class='ocrx_word' id='word_1_175' title='bbox 967 3419 1090 3477; x_wconf 86' lang='lat' dir='ltr'>exponat</span> <span class='ocrx_word' id='word_1_176' title='bbox 1117 3410 1172 3463; x_wconf 90' lang='lat' dir='ltr'>hoc</span> <span class='ocrx_word' id='word_1_177' title='bbox 1189 3409 1271 3463; x_wconf 89' lang='lat' dir='ltr'>sidus</span> 
     </span>
     <span class='ocr_line' id='line_1_27' title="bbox 217 3489 1272 3561; baseline 0.003 -18"><span class='ocrx_word' id='word_1_178' title='bbox 217 3489 299 3543; x_wconf 90' lang='lat' dir='ltr'>caelo</span> <span class='ocrx_word' id='word_1_179' title='bbox 318 3490 486 3555; x_wconf 89' lang='lat' dir='ltr'>impositum</span> <span class='ocrx_word' id='word_1_180' title='bbox 514 3497 542 3543; x_wconf 92' lang='lat' dir='ltr'>et</span> <span class='ocrx_word' id='word_1_181' title='bbox 560 3491 642 3558; x_wconf 84' lang='lat' dir='ltr'>aquis</span> <span class='ocrx_word' id='word_1_182' title='bbox 664 3491 838 3559; x_wconf 90' lang='lat' dir='ltr'>prohibitum</span> <span class='ocrx_word' id='word_1_183' title='bbox 863 3506 930 3546; x_wconf 89' lang='lat' dir='ltr'>esse</span> <span class='ocrx_word' id='word_1_184' title='bbox 962 3493 999 3561; x_wconf 91' lang='lat' dir='ltr'>(p.</span> <span class='ocrx_word' id='word_1_185' title='bbox 1021 3493 1073 3560; x_wconf 85' lang='grc'>16).</span> <span class='ocrx_word' id='word_1_186' title='bbox 1109 3507 1183 3561; x_wconf 86' lang='lat' dir='ltr'>quae</span> <span class='ocrx_word' id='word_1_187' title='bbox 1200 3493 1272 3546; x_wconf 86' lang='lat' dir='ltr'>ratio</span> 
     </span>
     <span class='ocr_line' id='line_1_28' title="bbox 217 3573 1272 3644; baseline 0.003 -18"><span class='ocrx_word' id='word_1_188' title='bbox 217 3573 241 3626; x_wconf 91' lang='lat' dir='ltr'>si</span> <span class='ocrx_word' id='word_1_189' title='bbox 260 3573 440 3639; x_wconf 81' lang='lat' dir='ltr'>probaretur,</span> <span class='ocrx_word' id='word_1_190' title='bbox 457 3573 543 3626; x_wconf 87' lang='lat' dir='ltr'>etiam</span> <span class='ocrx_word' id='word_1_191' title='bbox 559 3573 801 3641; x_wconf 84' lang='lat' dir='ltr'>Anguitenentem</span> <span class='ocrx_word' id='word_1_192' title='bbox 822 3590 908 3629; x_wconf 90' lang='lat' dir='ltr'>suum</span> <span class='ocrx_word' id='word_1_193' title='bbox 928 3591 994 3630; x_wconf 94' lang='lat' dir='ltr'>eum</span> <span class='ocrx_word' id='word_1_194' title='bbox 1015 3576 1171 3631; x_wconf 86' lang='lat' dir='ltr'>damnasse</span> <span class='ocrx_word' id='word_1_195' title='bbox 1189 3589 1272 3644; x_wconf 91' lang='lat' dir='ltr'>opor·</span> 
     </span>
    </p>
   </div>
   <div class='ocr_carea' id='block_1_6' title="bbox 214 3655 1271 3807">
    <p class='ocr_par' dir='ltr' id='par_1_8' title="bbox 214 3655 1271 3807">
     <span class='ocr_line' id='line_1_29' title="bbox 214 3655 1271 3792; baseline 0.004 -84"><span class='ocrx_word' id='word_1_196' title='bbox 214 3656 282 3792; x_wconf 51' lang='lat' dir='ltr'>guzig,</span> <span class='ocrx_word' id='word_1_197' title='bbox 311 3655 544 3724; x_wconf 87' lang='lat' dir='ltr'>quandoquidem</span> <span class='ocrx_word' id='word_1_198' title='bbox 574 3655 767 3726; x_wconf 82' lang='lat' dir='ltr'>Aesculapius</span> <span class='ocrx_word' id='word_1_199' title='bbox 798 3660 926 3713; x_wconf 87' lang='lat' dir='ltr'>nascitur</span> <span class='ocrx_word' id='word_1_200' title='bbox 955 3660 1073 3714; x_wconf 90' lang='lat' dir='ltr'>demum</span> <span class='ocrx_word' id='word_1_201' title='bbox 1101 3659 1218 3714; x_wconf 84' lang='lat' dir='ltr'>Metam.</span> <span class='ocrx_word' id='word_1_202' title='bbox 1241 3659 1271 3713; x_wconf 89' lang='lat'>11.</span> 
     </span>
     <span class='ocr_line' id='line_1_30' title="bbox 284 3754 347 3807; baseline -0.016 -14"><span class='ocrx_word' id='word_1_203' title='bbox 284 3754 347 3807; x_wconf 90' lang='lat' dir='ltr'>sqq.</span> 
     </span>
    </p>
   </div>
   <div class='ocr_carea' id='block_1_7' title="bbox 249 3839 804 3997">
    <p class='ocr_par' dir='ltr' id='par_1_9' title="bbox 249 3839 804 3997">
     <span class='ocr_line' id='line_1_31' title="bbox 249 3839 804 3910; baseline 0.011 -19"><span class='ocrx_word' id='word_1_204' title='bbox 249 3839 325 3905; x_wconf 87' lang='grc'>(119)</span> <span class='ocrx_word' id='word_1_205' title='bbox 343 3840 484 3895; x_wconf 87' lang='lat' dir='ltr'>Eratosth.</span> <span class='ocrx_word' id='word_1_206' title='bbox 502 3849 599 3896; x_wconf 86' lang='lat' dir='ltr'>catast.</span> <span class='ocrx_word' id='word_1_207' title='bbox 619 3843 680 3896; x_wconf 89' lang='lat' dir='ltr'>rell.</span> <span class='ocrx_word' id='word_1_208' title='bbox 699 3857 725 3910; x_wconf 90' lang='lat' dir='ltr'>p.</span> <span class='ocrx_word' id='word_1_209' title='bbox 742 3842 804 3897; x_wconf 85' lang='lat'><strong>210.</strong></span> 
     </span>
     <span class='ocr_line' id='line_1_32' title="bbox 249 3931 484 3997; baseline 0.004 -13"><span class='ocrx_word' id='word_1_210' title='bbox 249 3931 324 3997; x_wconf 80' lang='lat'><strong>(120)</strong></span> <span class='ocrx_word' id='word_1_211' title='bbox 344 3931 402 3986; x_wconf 81' lang='lat' dir='ltr'>lab.</span> <span class='ocrx_word' id='word_1_212' title='bbox 426 3933 484 3986; x_wconf 83' lang='grc'>154.</span> 
     </span>
    </p>
   </div>
   <div class='ocr_carea' id='block_1_8' title="bbox 0 0 1494 4546">
    <p class='ocr_par' dir='ltr' id='par_1_10' title="bbox 0 0 1494 4546">
     <span class='ocr_line' id='line_1_33' title="bbox 0 0 1494 4546; baseline 0 0"><span class='ocrx_word' id='word_1_213' title='bbox 0 0 1494 4546; x_wconf 95' lang='lat' dir='ltr'> </span> 
     </span>
    </p>
   </div>
  </div>
 </body>
</html>
