2978 4546
752 337 870 440 (36)

330 511 363 573 in
381 507 549 574 Arcadiae
567 507 764 573 recessibus
781 508 943 574 saltuosis
960 506 1113 591 ferisque
1131 509 1340 576 scatentibus

289 617 370 683 olim
399 630 431 683 et
455 617 565 684 Ursus
590 618 767 684 colebatur
790 631 822 684 et
846 616 975 701 Lupus.
1013 637 1115 700 quem
1141 637 1223 702 prae
1248 634 1341 686 metu

290 729 322 792 in
346 745 411 792 suo
436 740 553 793 monte
577 725 713 810 Lycaeo
742 729 908 810 sanguine
936 726 1086 794 humano
1111 727 1201 794 ultro
1225 728 1340 795 oblato

289 834 477 919 placabant.
530 836 621 902 cultu
660 835 751 903 lovis
789 834 874 902 loris
915 837 1125 919 introducto,
1162 840 1340 920 antiquum

289 964 417 1012 numen
441 943 506 1010 sub
530 963 622 1010 novo
647 948 786 1011 nomine
810 945 901 1011 lovis
924 945 1050 1029 Lycaei
1079 964 1177 1014 more
1201 950 1340 1029 antiquo

289 1054 406 1121 colere
441 1073 509 1121 non
545 1055 757 1121 destiterunt.
813 1069 844 1121 at
879 1055 966 1122 deus
1002 1054 1179 1138 popularis
1217 1058 1340 1123 inore

287 1163 381 1245 vulgi
409 1162 514 1228 homo
543 1161 651 1229 lactus
685 1177 736 1231 est
770 1166 1015 1230 universorum
1050 1162 1225 1231 Arcadum
1260 1183 1341 1248 pro·

289 1291 384 1338 avus.
429 1274 484 1338 cui
508 1291 586 1338 cum
610 1275 643 1337 in
675 1271 738 1338 hac
769 1270 881 1339 fabula
913 1286 1028 1356 partes
1062 1271 1253 1339 tribuantur
1282 1272 1341 1339 ad·

288 1383 421 1447 versari
445 1380 535 1447 Iovis
572 1399 675 1464 quem
710 1381 814 1447 deum
849 1400 928 1447 esse
962 1399 1031 1447 non
1056 1380 1164 1447 credit
1186 1380 1242 1446 ille
1266 1396 1339 1447 eta

289 1508 358 1572 quo
374 1492 533 1571 vincitur,
557 1489 643 1555 hanc
660 1505 753 1556 certe
769 1503 900 1573 partem
918 1487 1051 1556 fabulae
1068 1491 1338 1572 antiquissimam

289 1618 368 1666 esse
403 1601 640 1665 existimamus
675 1617 803 1682 neque,
837 1612 978 1666 auctore
1005 1596 1284 1679 Weissaeckero,
1319 1618 1336 1663 a

290 1710 402 1791 poetis
433 1727 513 1775 sero
548 1708 707 1774 additam.
762 1710 904 1791 respicit
927 1726 1010 1774 sane
1044 1705 1156 1773 fabula
1190 1705 1338 1789 vulgaris

289 1815 495 1883 sacrificium
524 1816 711 1883 humanum
740 1835 880 1901 quoque
908 1835 977 1900 quo
1006 1819 1039 1883 in
1063 1815 1200 1899 Lycaeo
1224 1827 1340 1881 monte

290 1924 455 1992 litabatur.
505 1944 619 2008 neque
653 1944 736 2009 ergo
770 1925 920 2009 simplex
954 1938 1025 2006 est,
1058 1923 1168 1991 sede
1202 1921 1339 1989 duobus

290 2035 471 2101 elementis
501 2053 611 2116 aeque
641 2036 789 2116 antiquis
820 2033 901 2100 olim
934 2031 1088 2100 conflata.
1136 2050 1225 2115 quae
1253 2049 1340 2098 vero

290 2144 382 2226 apud
404 2141 607 2209 Pausaniam
642 2142 765 2226 legitur
787 2141 921 2209 fabulae
944 2140 1050 2224 ligura
1084 2153 1213 2207 tantum
1236 2143 1341 2207 sacri-

288 2249 403 2318 ficium
427 2250 615 2318 humanum
639 2249 790 2334 Lycaoni
814 2253 944 2318 auctori
968 2250 1094 2316 tribuit.
1143 2262 1176 2316 et
1199 2263 1341 2334 apparet

290 2363 498 2445 scriptorem
533 2359 626 2444 apud
649 2358 852 2427 Pausaniam
886 2358 998 2427 fabula
1021 2358 1153 2443 vulgari
1187 2361 1235 2425 uti
1269 2376 1339 2424 non

288 2471 455 2552 potuisse,
488 2469 583 2553 quod
617 2487 722 2554 supra
745 2468 879 2536 dixerat
902 2468 1099 2551 Lycaonem
1132 2466 1250 2534 lovem
1273 2465 1340 2549 Ly·

289 2597 409 2645 caeum
443 2596 664 2662 nuncupasse
698 2581 718 2645 i.
742 2598 770 2646 e.
798 2578 889 2644 lovis
922 2576 1049 2660 Lycaei
1083 2575 1211 2643 cultum
1245 2577 1339 2642 insti·

289 2690 407 2754 tuisse.
451 2705 554 2771 quam
577 2701 690 2754 autem
715 2686 856 2755 exhibet
889 2685 1037 2753 fabulam
1067 2703 1142 2752 eam
1165 2686 1339 2768 antiquam

289 2814 369 2862 esse
403 2795 560 2862 concedo
595 2815 709 2880 neque
736 2809 848 2863 tamen
872 2794 1020 2862 fabulam
1046 2793 1224 2876 vulgarem
1256 2790 1338 2858 inde

288 2922 447 2971 manasse
470 2917 627 2987 apertum
652 2919 713 2972 est.

329 3012 464 3096 longius
488 3011 529 3077 ab
551 3009 683 3079 Ovidio
707 3014 933 3080 discessimus
957 3025 990 3079 et
1013 3011 1198 3093 disputatio
1222 3022 1339 3076 nostra

287 3140 351 3205 per
374 3121 540 3205 plurimas
564 3124 787 3206 quaestiones
810 3135 928 3205 vagata
951 3134 1014 3189 est.
1057 3119 1121 3186 sed
1137 3121 1279 3186 instituti
1295 3136 1338 3186 eo

287 3233 401 3297 minus
426 3250 481 3298 me
506 3233 656 3314 paenitet
686 3232 781 3314 quod
803 3233 916 3298 sentio
939 3230 983 3297 de
1006 3231 1206 3296 auctoritate
1230 3225 1338 3294 Ovidi

288 3337 529 3423 mythographi
564 3352 658 3407 certo
692 3339 820 3406 iudicio
851 3339 994 3406 iudicari
1029 3357 1098 3406 non
1122 3356 1239 3423 posse,
1272 3338 1338 3403 nisi

288 3447 499 3532 singularum
523 3447 714 3516 fabularum
748 3451 880 3533 origine
904 3449 1046 3516 historia
1074 3447 1185 3515 forma
1206 3445 1338 3530 vulgari

287 3556 377 3624 bene
411 3561 596 3643 perceptis.
651 3561 748 3625 cuius
786 3560 836 3626 rei
869 3571 980 3626 tantae
1014 3571 1152 3641 tamque
1189 3552 1339 3622 difficilis

289 3665 482 3735 facultatem
506 3680 732 3736 consecutum
756 3686 835 3735 esse
859 3687 914 3734 me
937 3685 1007 3733 non
1030 3664 1208 3751 profiteor,
1237 3682 1340 3731 secu·

288 3788 360 3841 tum
384 3794 463 3844 esse
486 3794 569 3861 prae
592 3794 648 3842 me
671 3773 757 3843 lero.
