2978 4546
685 376 805 488 (tt)

217 553 271 606 578
323 551 472 620 populifer
490 549 646 618 Sperchios
666 558 693 604 et
711 550 890 618 inrequietus
910 551 1037 619 Enipeus

317 635 527 704 Apidanusque
546 648 636 688 senex
656 634 790 702 lenisque
808 633 992 702 Amphrysus
1012 644 1039 688 et
1058 634 1143 690 Aeas.

259 822 380 889 eadem
409 823 520 888 series
550 818 730 886 lluminum
753 819 954 888 Thessaliae
983 824 1013 888 ei
1041 835 1180 904 praesto
1210 822 1271 889 luit

216 930 551 1014 Metamorphoseon
576 928 664 996 libro
680 929 751 1012 Vll,
775 928 831 996 ubi
848 930 1009 997 Medeam
1035 931 1159 999 herbas
1176 931 1271 999 colli-

219 1052 355 1122 gentem
380 1037 472 1107 lacit:

214 1240 269 1294 228
321 1241 410 1294 multa
429 1255 544 1310 quoque
562 1240 684 1309 Apidani
704 1243 874 1308 placuerunt
891 1242 1021 1310 gramina
1039 1243 1125 1310 ripae,

316 1325 405 1378 multa
424 1339 541 1393 quoque
559 1323 716 1393 Amphrysi
735 1340 831 1393 neque
853 1340 917 1380 eras
937 1327 1076 1380 immunis
1094 1327 1220 1395 Enipeus

314 1422 444 1462 necnon
464 1407 579 1462 Peneus
599 1423 728 1463 necnon
749 1408 942 1477 Spercheides
961 1409 1056 1465 undae

314 1491 498 1547 contribuere
516 1493 623 1560 aliquid
642 1493 821 1561 iuncosaque
839 1495 932 1547 littora
952 1494 1076 1549 Boebes.

257 1696 290 1759 in
320 1692 416 1759 libris
445 1713 489 1760 ex
511 1693 623 1760 Ponto
648 1692 751 1778 (223)
775 1694 852 1761 XVI
882 1693 1023 1761 humina
1046 1695 1145 1762 Ponti
1174 1694 1268 1762 nullo

217 1802 340 1869 ordine
365 1816 603 1871 recensentur.

257 1910 348 1977 haud
373 1928 452 1977 raro
476 1912 627 1995 denique
648 1915 714 1979 iter
736 1926 936 1980 narraturus
954 1911 1106 1980 Ovidius
1130 1916 1268 1980 nomina

216 2018 384 2103 quaedam
408 2020 636 2104 geographica
653 2040 731 2089 cum
756 2019 916 2106 epithetis
939 2024 1012 2089 suis
1037 2041 1055 2088 e
1079 2019 1174 2088 libris
1199 2022 1269 2088 col-

216 2127 343 2212 legisse
376 2129 530 2212 videtur‚
564 2148 652 2213 quae
686 2130 853 2215 deinceps
887 2130 981 2197 nullo
1015 2143 1110 2197 certo
1145 2131 1268 2198 ordine

215 2251 329 2322 ponat.
374 2236 441 2305 hoc
472 2239 577 2305 modo
609 2253 836 2307 recensentur
865 2240 940 2311 loca
967 2239 1136 2307 Arcadiae
1164 2239 1266 2323 (224)

216 2344 392 2430 Cyclades
417 2345 520 2431 (225)
544 2347 619 2414 loca
643 2347 779 2416 Siciliae
803 2347 917 2431 (226).

769 2520 842 2524 .-..-
849 2520 860 2524 -
865 2519 1236 2526 —r..-—-——-—----——-
1262 2519 1265 2525 .

249 2612 324 2679 (223)
342 2613 387 2666 1v.
409 2612 450 2666 10.
468 2614 584 2668 47-68.

249 2703 324 2771 (224)
343 2705 457 2760 Metam.
476 2704 509 2758 V.
527 2705 581 2760 607
594 2720 656 2775 sqq.

251 2792 326 2861 (225)
346 2793 462 2848 Metam.
481 2794 537 2850 Vll.
554 2795 605 2849 461
622 2810 684 2863 sqq.

250 2884 327 2952 (226)
347 2887 419 2941 Fast.
437 2886 481 2940 IV.
500 2887 554 2941 467
567 2902 629 2955 sqq.
