2978 4546
763 371 885 480 (⁵⁰)

297 543 410 610 adhuc
433 544 684 610 demonstravit
700 541 815 627 (102).
859 557 1014 612 ceterum
1030 544 1112 612 nolo
1137 547 1353 612 committere

297 665 458 735 utquam
494 668 557 735 ego
582 654 690 719 reicio
725 655 930 720 sententiam
954 652 1130 720 Knaacltio
1164 652 1353 722 obtrudere

330 885 407 955 (102)
426 894 504 941 certe
515 887 598 941 locus
611 902 697 955 quem
713 886 877 942 Knaacltius
890 887 1060 942 Santenium
1073 895 1220 942 auctorem
1234 897 1353 943 secutus

296 970 331 1023 ad
350 971 424 1025 banc
441 971 614 1025 sententiam
638 971 814 1039 probandam
837 973 931 1026 attulit
952 986 1013 1026 reni
1036 986 1096 1026 non
1119 980 1206 1026 secat.
1241 973 1353 1027 scilicet

296 1056 461 1122 composuit
478 1053 595 1108 Metam.
613 1054 644 1108 X.
661 1055 711 1108 83:

295 1143 347 1199 ille
364 1143 457 1199 etiarn
474 1145 528 1212 (sc.
541 1144 691 1213 Orpheus)
713 1145 862 1200 lbrncnnt
876 1145 1004 1215 populis
1019 1144 1086 1215 snit
1097 1147 1204 1200 unctor
1221 1161 1353 1202 amorem

295 1227 330 1282 in
349 1230 466 1282 interos
485 1227 656 1296 transferre
673 1243 783 1294 mores,
865 1256 867 1260 Α

297 1335 363 1375 cum
382 1320 461 1375 Stob.
473 1321 545 1376 Fior.
564 1320 655 1376 LXIV.
671 1323 712 1375 14.
726 1322 752 1376 9.
782 1324 963 1384 ‘baronianae'

496 1404 655 1474 (Orpheus)
675 1407 778 1476 πρῶτος
794 1407 882 1469 δεῖξεν
900 1408 943 1460 tvi
963 1404 1111 1480 Θρῄκεσσιν
1128 1409 1225 1480 ἔρωτας

496 1490 621 1562 ἄρρενας.

330 1591 423 1658 qualis
443 1590 520 1645 enirn
539 1591 586 1644 hic
610 1599 656 1645 est
678 1592 833 1645 verborum
858 1583 1041 1646 concentus?
1067 1591 1185 1645 nonnisi
1205 1590 1351 1646 fortuitam

297 1672 440 1742 quandam
467 1674 673 1729 vocabulorum
701 1675 920 1729 similitudinem
949 1676 1120 1743 conspicere
1147 1676 1217 1730 mihi
1243 1675 1351 1740 videor,

296 1760 397 1826 quales
416 1759 580 1813 sexcenties
599 1759 739 1826 oriuntur,
765 1759 859 1814 sicubi
876 1760 935 1813 bini
954 1760 1089 1815 homines
1108 1760 1209 1814 eadem
1228 1760 1351 1827 propriis

295 1843 392 1897 verbis
411 1842 543 1897 ellerunt.
579 1846 620 1897 rei
643 1851 739 1898 autem
764 1843 840 1911 apud
865 1851 1020 1911 utrumque
1037 1843 1206 1910 scriptorem
1225 1856 1352 1898 comme·

297 1934 424 1980 moratae
443 1941 608 1981 consensus
636 1927 704 1995 quid
731 1926 856 1994 probat?
886 1927 952 1995 quid
972 1935 1017 1982 est
1035 1941 1086 1982 cur
1103 1927 1278 1982 Phanoclem
1297 1927 1352 1981 boc

296 2009 446 2064 invenisse
471 2010 518 2064 vel
545 2008 682 2065 Ovidium
709 2011 765 2065 boc
789 2026 805 2065 a
830 2011 975 2065 Phanocle
1001 2010 1151 2078 accepisse
1175 2003 1351 2065 credamus?

297 2107 470 2161 quamquam
489 2093 611 2148 minime
623 2108 697 2161 nego
709 2093 770 2147 lieri
783 2086 874 2162 posse
885 2102 916 2148 ut
927 2109 1029 2148 verum
1043 2094 1175 2149 divinarit
1187 2093 1351 2160 Santenius,

297 2190 362 2230 cum
382 2176 535 2231 Phanoclis
553 2191 657 2244 poema
675 2178 711 2231 de
730 2175 850 2244 Orpheo
868 2178 1062 2232 clarissimum
1083 2177 1178 2231 luerit.
1223 2184 1227 2190 ·
1314 2177 1316 2182 ’

328 2260 397 2314 libet
409 2261 464 2314 hoc
477 2261 541 2314 loco
553 2260 658 2314 afferre
670 2275 703 2314 ea
716 2276 790 2329 quae
803 2260 927 2316 Samson
941 2261 1046 2316 Eitrem
1060 2262 1095 2315 ad
1109 2261 1199 2329 Cycni
1219 2260 1345 2315 tabulam

294 2344 439 2399 adnotavit
456 2343 559 2399 Philol.
579 2345 649 2398 1899
667 2360 693 2412 p.
706 2345 773 2399 4622
804 2344 943 2412 „Ovidius
968 2347 997 2400 in
1016 2345 1107 2414 Cycni
1134 2344 1230 2399 fabula
1249 2343 1346 2400 lontes

295 2430 466 2483 commiscet
476 2429 523 2482 vel
536 2430 632 2497 potius
646 2429 675 2482 in
688 2444 778 2484 unum
799 2429 915 2497 conflat;
934 2430 1005 2484 duas
1024 2431 1101 2484 enim
1116 2444 1219 2484 causas
1237 2428 1347 2496 profert

295 2511 390 2566 luctus
409 2511 500 2581 Cycni
523 2511 589 2579 (368
601 2511 670 2581 sq.):
699 2511 753 2580 qni
775 2511 832 2567 nbi
845 2515 986 2566 ntalenzo
1004 2510 1144 2581 quamvis
1161 2528 1181 2565 n
1198 2509 1347 2581 sanquine

294 2592 418 2649 innotata
439 2597 537 2649 monte
556 2597 664 2661 tannen,
682 2595 847 2661 Phaethon,
869 2594 999 2665 propior
1018 2594 1092 2664 fnit,
1127 2596 1211 2665 Verg.
1230 2590 1347 2664 quidem

295 2677 377 2741 (Aen.
389 2679 419 2732 X.
436 2680 488 2734 189
497 2679 551 2748 sq.)
570 2694 636 2735 cum
655 2682 746 2735 schol.
759 2682 794 2736 ad
813 2682 831 2734 1.
844 2680 976 2750 Cycnum
989 2689 1146 2735 amatorem
1160 2680 1346 2735 Phaethontis

294 2763 427 2828 perhibet
443 2762 618 2817 Phanoclem
640 2773 759 2819 secutus
780 2779 866 2832 quem
885 2763 939 2819 Ov.
959 2778 1074 2832 quoque
1092 2773 1239 2819 auctorem
1258 2765 1348 2832 potio·

295 2859 356 2900 rem
375 2847 470 2912 habet,
488 2846 562 2916 Hyg.
579 2862 649 2901 vero
669 2847 700 2916 (i.
721 2847 783 2914 154)
803 2849 845 2903 sic
862 2848 958 2902 tradit:
989 2847 1109 2916 Cycnus
1126 2862 1182 2902 ren
1199 2844 1348 2916 Liannoe

294 2926 349 2997 qni
364 2927 430 2998 fnit
446 2928 629 2985 Phaethonti
642 2928 851 3000 propinquos,
877 2932 950 2984 dnm
967 2931 1056 2999 delict
1070 2930 1287 3001 propinquum,
1313 2928 1348 2985 in
1392 2938 1395 2943 ·

294 3025 426 3082 cyqnnn
442 3028 605 3068 conversus
623 3015 694 3069 eat.“

327 3098 422 3165 ipsum
441 3098 577 3153 Ovidium
607 3099 704 3154 lontes
732 3100 924 3155 commiscere
950 3101 1010 3153 veri
1029 3100 1172 3154 dissimile
1191 3108 1243 3154 est.
1279 3100 1347 3166 quid

294 3181 403 3250 igitur?
432 3182 681 3237 concludamusne
708 3198 832 3238 necesse
859 3193 904 3238 est
930 3182 1067 3237 Ovidium
1095 3198 1111 3236 e
1139 3184 1347 3251 mythographo

294 3266 422 3331 pendere
448 3267 537 3321 simili
565 3267 677 3321 scilicet
704 3269 814 3322 ratione
841 3268 896 3334 usi,
923 3282 1008 3336 quam
1037 3282 1124 3336 supra
1150 3269 1179 3322 in
1207 3266 1347 3337 Daphnes

296 3346 392 3403 labula
410 3351 502 3404 secuti
523 3350 651 3405 sumus?
681 3351 815 3418 equidem
844 3350 937 3406 lateor
962 3366 1010 3405 me
1036 3351 1212 3419 aliquamdiu
1238 3351 1268 3405 in
1294 3350 1347 3403 hac

295 3434 464 3499 quaestione
482 3435 623 3500 haesisse,
644 3434 697 3488 sed
725 3433 802 3490 felici
830 3451 899 3491 casu
919 3436 1126 3490 dubitationem
1145 3435 1215 3489 mibi
1235 3447 1349 3488 exeme-

295 3525 361 3572 runt
387 3516 450 3584 ipsa
468 3517 584 3571 Eitremi
611 3519 710 3572 verba:
740 3534 853 3587 „neque
876 3528 973 3573 tamen
991 3520 1076 3573 video
1095 3518 1241 3587 quomodo
1259 3517 1349 3572 Phae·

295 3601 403 3656 thontis
422 3601 451 3655 in
465 3601 594 3670 Aegypto
612 3603 755 3657 versantis
773 3612 884 3658 amator
902 3618 951 3657 rex
964 3603 1095 3671 Liguriae
1113 3617 1181 3658 esse
1199 3599 1347 3671 potuerit.“

295 3685 363 3753 quid
394 3685 527 3740 censes?
571 3700 668 3741 nonne
700 3701 815 3742 mecum
846 3687 940 3742 credis
967 3696 1100 3754 poetam,
1138 3686 1186 3755 qui
1214 3685 1347 3753 Cycnum

294 3767 480 3823 Phaethontis
503 3784 603 3824 amore
621 3771 682 3838 capi
701 3771 800 3839 vellet,
826 3771 946 3825 linxisse
967 3785 1033 3825 eum
1055 3769 1215 3839 Clymenes
1233 3769 1348 3837 propin·

295 3867 384 3920 quum
404 3851 498 3907 luisse
518 3861 549 3907 ut
566 3867 664 3922 regem
683 3854 814 3923 Liguriae
832 3869 897 3909 cum
923 3854 1144 3909 adulescentulo
1162 3852 1348 3921 congredien-

293 3945 352 3991 tem
372 3936 502 3991 iaceret?
825 3937 830 3944 '
