2978 4546
619 363 740 473 (5¹)

153 543 275 609 videar
290 543 408 624 invito,
426 541 557 624 quippe
573 541 632 623 qui
648 539 829 622 scripserit
844 538 996 605 discerni
1013 556 1084 606 non
1102 556 1209 622 posse

155 654 279 735 ipsene
303 648 457 717 Ovidius
473 648 685 717 Phanoclem
708 647 839 731 legerit,
862 648 956 731 quod
980 645 1045 714 sibi
1069 648 1208 730 quidem

155 778 276 844 parum
308 758 488 843 probabile
520 761 635 825 visum
669 759 713 824 sit
736 754 851 839 (103).
895 757 1074 840 quomodo
1109 758 1211 839 igitur

154 867 299 937 lontium
335 870 576 952 cognationem
610 868 726 933 animo
760 865 946 948 cogitavit?
1001 878 1097 949 putat
1129 885 1211 949 syn·

154 991 263 1061 tagma
298 974 431 1044 Ovidio
466 990 605 1060 praesto
636 974 745 1043 luisse
775 993 793 1041 a
824 977 944 1042 nescio
975 993 1044 1058 quo
1074 974 1211 1058 mytho·

154 1083 286 1169 grapho
310 1085 488 1153 conditum
512 1086 570 1168 qui
587 1083 763 1168 Euripidis
786 1098 820 1150 et
841 1096 965 1167 poetae
981 1082 1209 1151 Alexandrini

155 1207 187 1261 et
203 1181 387 1262 Phanoclis
408 1207 603 1261 commenta
631 1194 870 1260 contaminarit
886 1190 1001 1277 (104),
1031 1209 1210 1276 praeterea

155 1300 324 1370 Ovidium
341 1305 455 1387 ipsum
472 1321 598 1387 poema
614 1301 888 1370 Alexandrinum
906 1301 1092 1369 evolvisse.
1115 1305 1211 1386 equi·

154 1411 234 1478 dem
268 1411 336 1478 huc
362 1431 474 1496 usque
504 1424 633 1479 tantum
658 1413 883 1480 imitationem
915 1425 1038 1496 poetae
1062 1410 1211 1479 Alexan·

154 1520 244 1586 drini
268 1523 395 1588 notavi.
438 1521 504 1588 sed
530 1534 649 1589 contra
672 1520 885 1588 Knaackium
914 1539 1006 1588 nunc
1032 1522 1210 1605 disputare

155 1629 391 1712 supersedere
414 1629 523 1696 liceat.
568 1648 675 1713 spero
706 1631 798 1696 enim
835 1627 911 1696 lore
942 1642 988 1711 ut,
1022 1648 1099 1696 cum
1123 1631 1212 1695 sicut

156 1738 262 1804 modo
278 1739 322 1805 de
338 1736 417 1822 fine,
440 1741 483 1806 ita
507 1758 598 1806 nunc
614 1740 658 1806 de
675 1740 771 1807 initio
788 1740 995 1806 narrationis
1013 1734 1210 1804 Ovidianae

156 1848 444 1928 quaesiverimus,
468 1849 533 1914 iam
557 1859 721 1931 appareat
743 1847 826 1930 quid
851 1848 900 1913 rei
924 1848 977 1912 sit.

197 1964 401 2046 gravissima
431 1962 487 2029 hic
516 1959 685 2043 Ovidium
720 1965 810 2030 inter
839 1978 873 2030 et
894 1962 1060 2030 Nonnum
1093 1982 1209 2030 rerum

156 2071 387 2154 discrepantia
422 2084 484 2138 est.
527 2070 583 2137 hic
614 2073 705 2139 enim
734 2070 851 2139 Solem
887 2090 1034 2139 uxorem
1067 2073 1210 2139 duxisse

157 2177 235 2247 lacit
252 2177 450 2262 Clymenen
467 2177 569 2247 liliam
588 2177 733 2264 Oceani,
756 2199 800 2248 ex
816 2199 882 2264 qua
898 2180 1077 2248 Phaethon
1102 2194 1211 2263 natus,

156 2288 213 2355 ubi
247 2288 448 2372 adoleverit,
486 2302 618 2373 patrem
653 2289 816 2372 precibus
850 2290 1035 2371 induxerit,
1072 2303 1108 2356 ut
1144 2288 1209 2356 sibi

156 2416 280 2465 currus
314 2398 456 2481 regendi
491 2400 627 2481 copiam
659 2396 796 2467 laceret.
840 2398 888 2465 illi
920 2417 1007 2466 vero
1030 2397 1209 2465 Phaethon

157 2520 209 2573 est
241 2504 331 2573 filius
360 2505 453 2575 Solis
487 2520 520 2573 et
550 2504 743 2591 Clymenes
778 2509 899 2576 uxoris
925 2507 1085 2591 Meropis
1119 2508 1210 2590 regis

156 2597 379 2698 Aethiopum,
408 2616 467 2698 qui
488 2615 531 2681 ad
547 2617 653 2698 patris
676 2616 782 2684 aedes
799 2614 977 2699 proiectus
1001 2617 1081 2683 ideo
1104 2614 1211 2683 bene·

158 2718 212 2788 fici
236 2721 315 2789 loco
343 2736 376 2789 et
398 2724 524 2805 gratiae
548 2735 584 2788 ut
606 2721 697 2790 Solis
719 2727 797 2792 vice
820 2723 980 2810 iungatur
1002 2724 1152 2808 postulat
1175 2738 1211 2792 ut

158 2831 353 2896 certissimo
377 2831 506 2897 indicio
530 2832 698 2914 originem
723 2852 821 2900 suam
845 2833 1030 2901 caelestem
1053 2853 1071 2900 a
1094 2837 1210 2918 suspi-

158 2939 259 3004 cione
274 2939 436 3005 vindicet.
467 2941 640 3007 assentior
651 2940 827 3009 Knaackio
843 2942 1008 3009 Nonnum
1026 2945 1209 3025 genuinam

158 3048 321 3113 carminis
344 3045 572 3115 Alexandrini
596 3047 906 3117 conformationem
935 3068 1089 3133 servare,
1118 3052 1210 3135 apud

158 3152 326 3222 Ovidium
350 3158 613 3224 contaminatam
638 3176 727 3225 esse.
771 3159 865 3242 quod
886 3158 1082 3227 Knaackius
1106 3157 1209 3242 (105)

158 3263 351 3332 luculenter
379 3266 530 3333 ostendit
559 3263 700 3333 Luciani
730 3266 809 3335 loco
840 3266 992 3336 adhibito
1018 3267 1121 3352 (106)
1152 3271 1210 3354 qui
1328 3253 1330 3257 ¹

158 3391 236 3439 cum
253 3372 382 3441 Nonno
405 3386 472 3440 tam
496 3371 644 3442 fideliter
666 3377 855 3443 concordat
878 3391 913 3444 ut
936 3379 1002 3444 iam
1026 3391 1160 3445 constet
1176 3380 1209 3444 in

199 3553 352 3560 .-——.-..--...-
373 3554 417 3558 ...ω
434 3555 487 3559 ..-..,
504 3555 509 3559 .
526 3554 679 3562 -...............
695 3557 797 3563 ...m-...-

192 3649 267 3715 (103)
287 3651 305 3703 l.
323 3651 340 3703 l.
359 3665 385 3718 p.
403 3651 447 3704 67.

192 3741 269 3809 (104)
288 3745 304 3796 l.
324 3744 340 3796 l.
360 3758 386 3811 p.
403 3745 449 3798 68.

193 3832 268 3897 (105)
287 3835 305 3888 l.
323 3834 341 3887 l.
360 3850 385 3902 p.
402 3836 448 3888 24.

194 3925 267 3991 (106)
287 3928 353 3981 dial.
372 3928 492 3983 deorum
511 3929 593 3983 XXV.
