2978 4546
683 369 803 475 (11)

214 539 344 628 Quelle
368 540 471 626 (149)
496 542 635 609 zuriick.
680 541 781 609 Auch
809 543 865 608 die
890 539 1088 608 rdmischen
1112 539 1268 623 Dichter,

215 654 250 718 in
273 664 386 720 erster
407 649 506 719 Linie
530 647 637 734 ovid,
670 649 797 735 fulgen,
830 667 900 717 von
923 648 1105 718 einzelnen
1129 648 1267 743 colores

214 758 421 844 abgesehen‚
459 762 505 826 im
540 775 670 842 ganzen
703 758 770 826 wol
805 757 1154 843 mythographischer
1185 755 1269 824 Tra·

214 869 322 936 dition
347 866 462 951 (150).

256 994 462 1079 impeditum
496 1012 580 1062 sane
618 1006 652 1061 et
687 994 834 1061 arduum
873 992 1112 1076 explicationis
1148 1009 1268 1076 genus.

215 1121 304 1187 quae
328 1105 356 1170 si
379 1120 464 1171 vera
486 1105 541 1186 sit,
575 1103 799 1171 metuendum
834 1121 877 1170 ne
901 1120 971 1168 non
994 1104 1144 1186 optimae
1168 1114 1268 1168 notae

216 1230 295 1280 esse
328 1212 512 1279 videantur
543 1230 632 1296 quae
663 1211 768 1279 hodie
791 1210 891 1278 nobis
914 1222 1132 1294 apponantur
1154 1211 1270 1277 istius-

217 1321 312 1388 modi
336 1320 638 1388 miscellaneorum
663 1321 812 1388 residua.
854 1321 947 1404 quin,
981 1332 1017 1385 ut
1038 1317 1148 1386 verbo
1176 1336 1270 1386 com-

216 1429 360 1514 plectar,
397 1433 426 1496 si
460 1430 537 1498 talia
571 1429 805 1513 probarentur
840 1427 1103 1513 fabularumque
1141 1426 1269 1511 ligurae

215 1539 308 1623 apud
339 1538 612 1623 mythographos
650 1539 739 1606 adeo
774 1536 940 1606 confusae
978 1536 1270 1619 conturbataeque

215 1660 360 1715 aemtem
383 1646 554 1731 tulissent,
587 1648 631 1715 de
655 1646 710 1714 his
732 1648 856 1715 studiis
885 1644 1143 1730 desperandum
1169 1656 1270 1711 esset.

216 1753 305 1822 bene
339 1753 465 1822 factum
499 1755 594 1840 quod
628 1758 692 1823 ista
726 1753 833 1824 Crusi
871 1766 1066 1821 commenta
1104 1755 1270 1819 maiorem

216 1876 349 1947 partem
383 1862 467 1930 falsa
490 1877 580 1930 sune
624 1882 703 1931 nam
737 1877 773 1930 ut
795 1862 955 1931 alicunde
981 1865 1115 1929 initium
1139 1860 1271 1944 faciam,

216 1989 256 2039 ea
281 1990 370 2056 quae
394 1971 599 2040 scholiastes
621 1971 786 2057 Apolloni
809 1971 923 2039 Rhodi
948 1969 1051 2054 (151)
1075 1971 1119 2038 dc
1142 1968 1272 2037 Phere-

217 2081 305 2163 cyde
332 2093 476 2149 testatur
504 2079 691 2148 abhorrent
720 2093 883 2149 anostra
912 2079 1046 2147 fabulae
1077 2077 1272 2146 conforma·

215 2191 318 2257 tione.
337 2193 452 2274 itaque
464 2190 705 2274 Pherecydem
717 2191 834 2259 valere
847 2188 1018 2259 iubemus.
1034 2202 1136 2273 atque
1149 2188 1270 2256 eadem

217 2316 324 2382 opera
341 2297 562 2368 Hellanicum
578 2301 780 2367 dimittimus
794 2303 925 2385 quippe
948 2302 1006 2384 qui
1028 2299 1152 2367 eodem
1169 2297 1272 2365 scho-

216 2408 314 2476 liaste
336 2422 424 2476 teste
447 2412 627 2495 scripserit
650 2407 824 2479 Cadmum
847 2410 970 2478 dentes
1001 2410 1137 2475 sevisse
1159 2406 1270 2473 Marte

218 2514 368 2599 iubente,
402 2535 468 2600 qua
492 2520 526 2584 in
550 2536 587 2584 re
611 2536 689 2585 cum
713 2517 918 2600 Pherecyde
941 2514 1029 2598 facit,
1063 2528 1096 2582 et
1122 2531 1270 2598 pugnam

218 2641 296 2689 cum
319 2622 451 2708 Spartis
481 2628 638 2693 omiserit
661 2624 775 2708 (152).
819 2626 903 2710 quid
925 2623 1153 2708 Lysimachus
1181 2626 1272 2691 eius·

218 2749 285 2816 que
319 2728 378 2818 ὕλη
410 2731 647 2820 διαφωνοῦσαὶ)
691 2753 753 2802 cur
786 2753 830 2801 ex
863 2752 905 2801 eo
940 2734 1113 2818 pendeant
1136 2731 1272 2816 mytho·

217 2840 337 2924 graphi
376 2844 605 2925 recentiores,
646 2845 704 2928 qui
745 2861 868 2910 omnes
910 2861 1013 2910 unam
1055 2843 1271 2926 eandemque

220 2948 355 3018 fabulae
378 2947 522 3035 figuram
546 2951 736 3020 exhibent?
780 2951 871 3018 haud
894 2950 993 3019 facile
1016 2951 1158 3018 dixeris.

259 3092 322 3161 age
356 3079 422 3144 iam
457 3080 706 3162 investigemus
739 3095 827 3162 quae
861 3076 948 3145 lides
985 3080 1029 3145 sit
1065 3078 1272 3145 narrationis

218 3199 341 3268 poetae
364 3186 590 3254 Alexandrini
613 3189 713 3254 cuius
736 3188 862 3253 scrinia
885 3182 1037 3254 Ovidius
1068 3199 1101 3253 et
1123 3184 1272 3251 Nonnus

253 3487 329 3555 (149)
349 3488 489 3556 intellegit
499 3489 654 3558 catalogos
663 3490 906 3547 Titanomachiam
916 3491 1027 3546 Musaei
1040 3491 1203 3558 Eurupiam,
1216 3489 1273 3544 lor·

219 3579 298 3626 tasse
315 3570 490 3641 Aegimium.

252 3661 328 3730 (150)
346 3664 428 3719 lexic.
446 3665 565 3733 mythol.
584 3665 713 3721 Roscher
733 3683 757 3722 s.
775 3684 801 3722 v.
819 3666 949 3722 Kadmos
967 3667 997 3722 ll.
1016 3683 1042 3736 p.
1059 3668 1123 3722 826.

253 3753 328 3822 (151)
347 3755 388 3811 111.
411 3756 481 3811 1178
493 3773 536 3826 sq.
563 3772 588 3811 v.
607 3757 683 3812 inira
701 3775 727 3827 p.
744 3759 789 3812 74.

253 3847 329 3913 (152)
348 3849 439 3903 schol.
458 3849 551 3917 Apoll.
570 3849 660 3904 Rhod.
679 3849 720 3905 lll.
742 3853 813 3907 1185
835 3851 996 3913 Ἑλλάνικος
1012 3851 1116 3924 μόνους
1134 3852 1200 3920 φησὶ
1218 3851 1272 3902 τοὺ·

220 3949 276 3988 τους
297 3932 349 3994 (sc.
368 3933 496 4001 quinque
514 3935 592 3988 viros
611 3936 657 4002 qui
676 3936 848 4003 superstites
868 3935 995 4002 luerunt)
1013 3936 1222 4003 βεβλασιηκὲναι.

1037 4038 1073 4089 5*
