2978 4546
678 396 797 503 (tl)

258 570 350 653 apud
387 570 569 638 Nicolaum
608 570 863 638 Damascenum
908 568 1021 635 fabula
1058 571 1177 637 tradita
1214 583 1266 637 est

217 697 315 746 more
339 692 372 746 et
395 681 500 747 modo
518 680 706 747 Euhemeri
729 678 920 746 deformata
936 697 954 744 a
970 692 1139 746 sectatore
1163 681 1266 747 inter-

216 791 418 873 pretationis
456 790 498 855 ad
536 790 706 856 humanae
745 791 886 856 rationis
924 802 1060 872 captum
1098 788 1266 856 redactae.

215 898 335 966 subest
358 919 441 967 sane
465 920 505 968 ea
528 900 634 984 ligura
657 899 791 967 fabulae
821 918 923 983 quam
948 898 1162 967 Hesiodeam
1186 900 1267 967 dicit

216 1007 505 1091 Immerwahrius‚
543 1012 608 1076 nisi
646 1009 740 1093 quod
778 1011 878 1075 etiam
916 1010 1065 1075 ieiunior
1102 1023 1154 1076 est
1187 1028 1265 1075 cum

216 1136 329 1202 neque
354 1136 495 1185 mensae
520 1118 686 1201 oppidive
708 1116 935 1200 Trapezuntis
970 1135 1083 1200 neque
1116 1115 1266 1184 Telluris

217 1245 360 1310 precum
386 1246 501 1311 neque
525 1227 632 1293 diluvi
656 1229 868 1293 mentionem
892 1224 1000 1292 laciat.

257 1354 321 1420 sed
334 1354 535 1420 iamdudum
548 1367 787 1436 argumentum
801 1351 991 1435 flagitamus
1005 1370 1075 1435 quo
1088 1351 1267 1420 Hesiodea

216 1462 319 1528 huius
342 1461 477 1530 labulae
494 1465 591 1546 origo
609 1461 777 1529 fulciatur.
813 1475 864 1528 est
880 1462 1021 1545 quidem
1038 1460 1265 1544 fragmentum

216 1569 366 1637 Hesiodi
390 1571 484 1655 (27):

386 1705 464 1782 υἱεῖς
485 1702 520 1770 δ’
541 1707 723 1787 δξεγένοντο
745 1702 916 1780 Λυκάονος
938 1702 1097 1769 ἀντιθέοιο

388 1811 429 1879 ὅν
450 1838 532 1879 ποτε
553 1821 638 1879 τίκτε
659 1811 841 1894 Πελασγός,

218 1965 286 2030 quo
321 1965 364 2014 ne
398 1947 482 2013 illud
516 1949 656 2031 quidem
691 1949 948 2015 demonstratur
976 1946 1172 2014 Hesiodum
1208 1965 1267 2013 ex·

216 2058 379 2138 posuisse
413 2056 571 2124 fabulam.
616 2076 698 2124 ecce
731 2057 945 2124 Eustathium
979 2055 1093 2123 laudat
1125 2055 1267 2122 immer-

215 2164 382 2232 wahrius:

255 2296 315 2381 οὴν
336 2299 372 2364 δὲ
394 2297 450 2365 τοῦ
471 2298 644 2375 Λνκάονος
665 2300 721 2365 ἐπὶ
746 2300 790 2383 τῷ
812 2303 867 2365 Διὶ
890 2304 1127 2386 παραιβασίαν,
1158 2301 1267 2363 εἰπεῖν

214 2405 287 2471 καθ’
320 2406 485 2486 Ἡσίοδον,
522 2409 552 2475 οἳ
588 2407 646 2475 τοῦ
682 2407 896 2496 Λυκόφρονος
930 2406 1082 2494 δηλοῦσιν
1116 2404 1265 2491 ὑπομνη-

213 2523 377 2598 pacarent.

257 2650 400 2717 haecine
438 2652 580 2717 omnia?
618 2651 727 2734 plane.
783 2651 857 2718 fieri
891 2670 960 2718 non
995 2663 1109 2734 potest
1142 2663 1178 2715 ut
1210 2648 1266 2714 hic

217 2756 314 2823 locus
337 2760 450 2822 virum
467 2757 707 2823 doctissimum
724 2759 915 2842 deceperit:
938 2758 1045 2827 verba
1064 2761 1170 2824 ainata
1191 2753 1262 2821 καθ’

214 2864 367 2929 Ἡσίοδον
389 2861 594 2947 significant:
619 2878 655 2930 ut
676 2882 765 2931 voce
788 2879 863 2931 utar
886 2867 1065 2934 Hesiodea
1079 2864 1168 2949 (28).
1202 2864 1265 2931 sed

215 2972 317 3040 valde
341 2972 530 3038 dolendum
554 2985 606 3038 est
622 2970 916 3038 Immerwahrium
941 2976 1144 3040 sententiam
1167 2991 1264 3039 suam

216 3081 319 3150 nullis
353 3084 495 3148 omnino
520 3083 662 3148 rationis
696 3083 881 3148 momentis
910 3083 1117 3163 munivisse3
1152 3097 1264 3162 neque

216 3210 302 3259 vero
347 3207 411 3274 ego
455 3193 537 3257 novi
575 3193 743 3257 rationem
782 3189 897 3272 ullam,
941 3208 1007 3273 qua
1052 3192 1164 3282 possit
1198 3189 1263 3254 rite

218 3299 367 3368 delendi.

258 3410 482 3492 pervenimus
506 3408 548 3473 ud
572 3406 713 3492 liguram
738 3407 882 3491 fabulae,
905 3427 1007 3493 quam
1030 3408 1265 3477 hellenisticae

217 3532 249 3583 et
290 3516 465 3583 Romanae
510 3534 661 3600 poeseos
707 3536 786 3583 esse
830 3521 934 3583 sumit
977 3517 1265 3586 Immerwahrius.

250 3790 307 3858 (27)
325 3792 415 3847 Strab.
429 3792 462 3846 V.
480 3807 506 3860 p.
518 3793 582 3845 221.
600 3793 638 3846 el.
651 3792 747 3860 Steph.
763 3793 832 3860 Byz.
853 3789 1016 3845 Παλλάντιον
1034 3791 1110 3852 πόλις
1122 3791 1266 3863 Ἀρκαδίας

217 3874 270 3928 ἀπὸ
290 3873 439 3937 Πάλλαντος
457 3875 517 3937 ἓνός
534 3877 586 3929 τῶν
604 3875 742 3936 Λυκάονος
759 3876 872 3941 παίδων,
891 3873 926 3936 ὡς
938 3874 1065 3936 Ἡσίοδος.

250 3957 305 4022 (28)
325 3973 380 4025 qua
397 3961 507 4015 scilicet
525 3960 671 4015 Hesiodus
690 3975 761 4014 usus
781 3969 826 4014 est
841 3959 946 4027 Theog.
963 3960 1025 4013 220.
