2978 4546
621 345 738 452 (35)

156 518 335 583 audiamus
352 519 454 599 igitur
475 518 682 600 scriptorem
706 519 855 583 ineuntis
879 516 1006 582 saeculi
1030 518 1139 599 quarti
1163 516 1206 581 de

156 625 327 709 Lycaonis
351 624 478 693 fabula:

199 734 392 819 (Cecrops)
414 732 528 800 ὁπόσα
547 735 611 818 ἔχει
628 732 737 826 ψυχὴν
757 729 881 799 τούτων
894 735 954 816 μὲν
968 730 1101 816 ἠξίωσεν
1115 730 1209 798 οὐδὲν

155 841 272 922 θῦσαι,
297 849 455 928 πέμματα
481 845 516 909 δὲ
541 840 702 931 ἐπιχώρια
726 844 782 908 ἐπὶ
808 841 866 908 τοῦ
887 844 995 925 βωμοῦ
1021 840 1209 927 καθήγισεν,

154 953 177 1017 ἃ
195 951 356 1029 πελάνους
376 951 531 1020 καλοῦσιν
552 953 600 1019 ἔτι
621 954 674 1017 καὶ
697 953 728 1028 ἒς
749 948 832 1036 ἡμᾶς
849 947 1047 1035 Ἀθηναῖοι·
1069 947 1211 1018 Λυκάων

153 1062 188 1126 δὲ
209 1062 266 1125 ἐπὶ
288 1059 349 1127 τόν
370 1059 484 1144 βωμόν
505 1059 563 1128 τοῦ
585 1066 735 1127 Λυκαίου
755 1058 838 1136 Διὸς
858 1063 974 1148 βρέφος
1000 1057 1128 1144 ἤνεγκεν
1149 1056 1211 1126 ἇν-

155 1166 296 1256 θροίπον
316 1172 370 1234 καὶ
392 1169 493 1235 ἔθυσε
511 1168 548 1235 το
566 1173 682 1258 βρέφος
703 1171 758 1234 καὶ
773 1168 923 1234 ἔσπεισεν
944 1169 1001 1234 ἐπὶ
1022 1170 1080 1235 τοῦ
1102 1170 1211 1252 βωμοῦ

153 1274 194 1343 το
215 1277 304 1361 αἷμα.
337 1280 390 1342 καὶ
413 1274 496 1345 αὖτό
502 1302 520 1344 ν
541 1275 658 1343 αὐτίκα
679 1278 735 1343 ἐπὶ
754 1275 793 1368 τῇ
814 1281 918 1357 θυσία
937 1280 1094 1358 γενέσθαι
1115 1274 1211 1343 λύκον

154 1389 257 1475 φασὶν
279 1384 356 1453 ἀντὶ
378 1383 574 1472 ἄνθρωπον.

197 1514 300 1579 quarn
324 1510 438 1565 autem
461 1497 650 1564 Pausanias
681 1495 816 1563 iabulae
850 1494 1026 1579 subiungit
1058 1494 1210 1578 disputa-

156 1607 285 1672 tionem
302 1611 436 1690 2.4sq.
459 1608 512 1670 καί
528 1607 585 1688 ἐμέ
597 1603 665 1687 γεὸ
683 1603 781 1687 λόγος
800 1600 893 1680 οὗτος
907 1607 1210 1669 πείθει-Π-

156 1709 350 1790 ἀπόκειται,
383 1716 460 1798 ipse
487 1727 706 1781 commentus
735 1727 797 1780 est.
841 1713 905 1779 sed
935 1730 1057 1778 rursus
1085 1715 1119 1778 in
1146 1711 1210 1794 §6

157 1823 247 1887 inest
280 1821 443 1904 particula
479 1820 597 1904 tontis,
631 1823 685 1888 cui
709 1821 896 1888 Pausanias
930 1818 1033 1887 iidem
1067 1819 1210 1887 demere

158 1942 302 1996 conatur
318 1947 491 2013 quamque
507 1930 582 1997 aliis
599 1928 723 1996 fabulis
739 1947 850 2012 aeque
866 1927 1032 2010 ridiculis,
1056 1942 1091 1995 ut
1106 1942 1210 2012 putat,

158 2056 353 2120 exaequare
376 2037 505 2105 studet:

198 2146 325 2228 λέγουσι
340 2142 401 2232 γὰρ
422 2143 460 2230 δὴ
483 2144 528 2222 οἷς
542 2144 713 2223 Λυκάονος
734 2145 866 2234 ὕστερον
887 2144 938 2211 ἀεί
952 2171 1000 2222 τις
1021 2147 1055 2226 ἐξ
1077 2144 1210 2234 ἀνθρώ-

157 2278 223 2320 ποο
248 2251 345 2331 λύκος
370 2260 494 2336 γένοιτο
520 2256 577 2321 ἐπὶ
603 2253 642 2349 τῇ
664 2260 769 2338 θυσίᾳ
789 2258 848 2322 τοῦ
868 2261 1017 2321 Λνκαίοο
1037 2251 1134 2332 Διός,
1160 2259 1210 2336 γέ-

157 2387 246 2429 νοιτο
268 2364 304 2428 δὲ
325 2361 382 2430 οὒκ
402 2365 435 2441 ἒς
455 2363 592 2431 ἅπαντα
613 2363 674 2431 τόν
694 2370 780 2448 βίον·
803 2361 910 2430 ὁπότε
930 2365 966 2429 δὲ
986 2368 1035 2448 εἴη
1056 2362 1160 2440 λύκος,
1182 2367 1211 2428 εἰ

156 2473 216 2550 μὲν
241 2469 345 2560 κρεῶν
371 2469 555 2555 ἀπόσχοιτο
580 2472 816 2562 ἀνθρωπίνων,
846 2471 978 2559 ὕστερον
1002 2473 1065 2539 ἕνα
1090 2470 1210 2560 δεκάτῳ

158 2583 259 2666 φασίν
288 2579 393 2649 αὐτόν
421 2580 523 2660 αὖθις
548 2582 730 2672 ἄνθρωπον
755 2585 789 2650 ἐκ
812 2579 910 2651 λείκοο
938 2586 1110 2665 γενέσθαι,
1141 2604 1211 2662 γεο-

158 2687 300 2773 σάμενον
320 2692 356 2756 δὲ
377 2692 409 2768 ἐς
430 2688 481 2756 ἀεὶ
502 2696 611 2776 μένειν
633 2697 758 2781 θηρίον.

200 2798 285 2865 haec
314 2802 406 2867 enirn
434 2803 552 2886 utique
579 2820 658 2868 curn
685 2802 927 2887 superioribus
954 2821 1042 2886 quae
1064 2813 1145 2867 sunt
1167 2799 1210 2866 de

159 2904 322 2989 Lycaone
346 2908 534 2976 cohaerent
557 2907 647 2992 (78).

200 3014 286 3082 haec
303 3030 355 3083 est
371 3015 506 3084 fabulae
519 3016 637 3101 figura,
653 3036 755 3101 quarn
766 3016 1054 3086 Weissaeckerus
1070 3017 1211 3085 alterius

159 3138 337 3206 parentem
361 3144 441 3192 esse
464 3124 619 3193 affirmat.
662 3125 742 3193 licet
762 3146 850 3194 vero
873 3127 951 3196 ions
975 3129 1135 3211 antiquus
1158 3129 1211 3210 sit,

159 3244 273 3299 tarnen
308 3247 419 3302 ratum
454 3235 585 3303 habere
620 3254 757 3320 nequeo
787 3236 881 3318 quod
904 3257 922 3304 a
945 3234 1211 3305 Weissaeckero

159 3338 306 3407 fidenter
333 3360 416 3409 sane
444 3344 631 3412 iudicatum
658 3345 774 3428 video,
802 3348 932 3431 quippe
963 3349 1062 3413 cuius
1092 3347 1210 3430 opinio

159 3467 275 3533 neque
301 3454 512 3534 argumentis
536 3457 665 3521 munita
687 3457 860 3538 sitneque
883 3473 1000 3540 perse
1023 3453 1211 3540 probabilis

161 3577 242 3626 esse
264 3559 434 3627 videatur.
472 3574 514 3644 at,
536 3575 573 3629 ut
595 3565 746 3631 rationes
769 3582 867 3632 meae
890 3567 1155 3649 perspiciantur,
1177 3567 1211 3630 in

160 3665 227 3736 iine
251 3668 355 3736 huius
380 3672 501 3755 capitis
524 3690 733 3756 quaeramus
756 3671 800 3739 de
824 3674 957 3756 origine
979 3671 1124 3741 fabulae.

195 3899 251 3966 (78)
271 3903 393 3957 diiunxit
409 3903 643 3959 immerwahrius
661 3905 679 3957 l.
698 3904 716 3959 1.
734 3919 761 3972 p.
782 3904 815 3958 10
827 3920 870 3974 sq.
