2978 4546
752 322 872 432 (⁶8)

331 498 418 564 levis
449 497 678 579 discrepantia
706 499 739 563 in
768 513 811 561 eo
835 496 997 576 cernitur,
1020 494 1115 577 quod
1138 494 1230 577 apud
1254 490 1344 560 Ovi—

290 608 385 673 dium
409 606 548 672 Metam.
576 610 658 671 115:

388 816 505 868 territus
523 815 608 867 hoste
626 828 701 868 novo
720 812 849 868 Cadmus
868 827 971 880 capere
989 826 1068 866 arma
1085 813 1208 880 parabat,

331 1017 423 1102 apud
438 1016 604 1084 Nonnum
620 1035 706 1083 vero
723 1015 850 1082 multos
866 1034 929 1082 sua
946 1033 1048 1082 manu
1065 1015 1210 1081 trucidat
1227 1012 1343 1097 (142).

290 1127 461 1210 aliquanto
485 1129 623 1209 gravior
645 1124 700 1192 illa
724 1138 786 1208 est,
809 1125 903 1209 quod
923 1124 1015 1208 apud
1033 1121 1201 1191 Ovidium
1218 1136 1345 1206 sponte

290 1237 405 1301 existit
428 1233 555 1301 bellum
579 1236 668 1300 inter
690 1231 823 1315 iratres,
846 1233 938 1316 apud
961 1231 1127 1298 Nonnum
1149 1250 1236 1299 vero
1259 1230 1346 1315 lapi·

291 1343 344 1409 dis
368 1346 456 1410 iactu
479 1345 550 1409 irae
572 1341 840 1426 Terrigenarum
864 1343 1057 1408 excitantur
1079 1339 1193 1424 (143).

333 1460 387 1527 his
410 1459 573 1527 omnibus
596 1458 778 1543 diligenter
805 1461 989 1542 perpensis
1012 1457 1156 1526 dubium
1180 1476 1259 1525 esse
1283 1476 1344 1524 ne-

291 1573 363 1654 quit
396 1573 477 1654 quin
506 1566 638 1636 Ovidio
672 1583 704 1636 et
731 1567 860 1635 Nonno
883 1567 994 1635 subsit
1027 1565 1105 1634 lons
1139 1569 1345 1650 communiS,

292 1678 445 1762 epyllion
468 1677 630 1745 videlicet
652 1677 937 1744 Alexandrinum.

335 1807 378 1872 de
395 1803 521 1875 Cadmi
538 1819 570 1872 et
587 1804 800 1871 Harmoniae
818 1802 1090 1887 metamorphosi
1109 1801 1224 1886 (144),
1240 1821 1344 1886 quam

292 1916 405 1982 eidem
439 1912 524 1981 fonti
546 1913 784 1981 Alexandrino
818 1931 873 1980 me
897 1931 966 1979 non
990 1911 1142 1979 tribuere
1171 1914 1231 1978 vix
1254 1928 1345 1994 opus

293 2037 344 2090 est
378 2040 534 2103 monere,
566 2019 673 2090 Crusi
709 2020 811 2105 (145)
836 2023 1004 2088 sententia
1042 2020 1345 2104 praetermittenda

293 2149 362 2197 non
386 2144 438 2197 est
462 2128 630 2198 Ovidium
654 2150 672 2196 a
696 2144 796 2213 poeta
821 2126 961 2197 Graeco
995 2131 1200 2196 recentioris
1227 2130 1345 2196 aetatis

294 2240 448 2324 pendere
472 2241 656 2320 censentis,
689 2240 763 2305 sive
797 2239 889 2304 hunc
922 2241 998 2322 ipse
1021 2237 1142 2322 legerit
1175 2240 1250 2304 sive
1274 2255 1344 2304 non

323 2523 398 2591 (142)
416 2526 445 2576 in
476 2523 543 2577 bibl.
569 2521 664 2589 Apoll.
691 2521 783 2591 Sparti
814 2523 937 2577 invicem
967 2537 1001 2577 se
1031 2522 1172 2576 occidunt.
1216 2521 1343 2575 additur:

289 2602 404 2679 Κάδμος
431 2606 461 2660 δὲ·
487 2602 550 2659 ἄνθ’
572 2597 611 2659 ὦν
636 2608 750 2660 ἔκτεινεν
771 2607 903 2673 (οἱλδυον
924 2605 1060 2674 (Sevinus
1086 2604 1204 2678 ἀνδρῶν)
1227 2606 1347 2658 ἐνιαυτὸν

289 2689 425 2756 ἐθήτευσεν
436 2689 517 2763 Ἄρει.
544 2699 629 2758 atque
647 2698 716 2745 sunt
733 2690 782 2758 qui
800 2691 986 2760 suspicentur
1005 2690 1195 2744 bibliothecae
1212 2689 1346 2756 scriptori

290 2774 403 2829 fabulae
428 2774 563 2842 liguram,
588 2788 662 2841 quae
688 2775 763 2840 apud
782 2774 918 2829 Nonnum
948 2783 1035 2838 extat,
1062 2774 1241 2828 obversatam
1269 2787 1346 2827 esse.

290 2859 319 2912 in
343 2859 434 2912 schol.
453 2858 484 2910 ll.
504 2858 535 2911 B.
553 2858 607 2910 494
634 2857 711 2925 quod
734 2872 867 2926 magnam
892 2867 1000 2926 partem
1024 2873 1089 2912 cum
1113 2857 1180 2910 bibl.
1198 2855 1293 2924 Apoll.
1311 2857 1346 2909 ad

289 2943 410 2997 verbum
437 2942 563 2996 concinit
584 2940 713 2995 Cadmus
740 2943 829 2996 servir
847 2940 929 2995 Marti
956 2938 1019 2995 ἀντὶ
1044 2943 1088 3007 τῆς
1114 2938 1276 3013 ἀναιρέσεως
1300 2941 1346 2992 τοῦ

290 3023 440 3097 δράκοντος.
468 3025 516 3093 (ci.
535 3025 657 3092 Panzer,
684 3026 719 3079 de
745 3026 954 3093 mythographo
978 3025 1134 3079 Homerico
1158 3022 1344 3088 restituendo,

291 3111 361 3164 diss.
380 3109 544 3178 Grypbisw.
565 3109 643 3163 1892.
671 3124 698 3176 p.
715 3109 769 3175 54.)
1287 3111 1288 3114 ’

325 3199 400 3268 (143)
419 3200 457 3254 cl.
475 3202 542 3255 bibl.
561 3200 654 3268 Apoll.
673 3200 715 3253 111.
732 3200 769 3254 23
781 3215 824 3267 sq.
848 3191 919 3252 oleat
936 3199 965 3252 δὲ
984 3195 1142 3252 ἀπέκτεινον
1159 3193 1295 3261 ἀλλήλους,
1318 3196 1344 3247 ολ

289 3284 341 3355 μὲν
358 3287 393 3344 εἰς
410 3287 468 3356 ἔριν
485 3284 605 3336 ἑκούσιον
630 3282 749 3342 ἐλθόντες
775 3285 801 3335 ολ
827 3283 855 3335 δὲ
873 3281 998 3346 ἀλλήλους
1015 3283 1184 3350 ἀγνοοῦντες.
1212 3279 1347 3347 (scriptor

291 3368 360 3422 dum
378 3369 525 3435 exemplar
542 3383 627 3422 suum
642 3367 783 3421 contrahit
800 3367 934 3419 turbasse
950 3367 1073 3421 videtur.
1099 3380 1196 3420 nonne
1214 3364 1261 3418 alli
1279 3364 1346 3417 alte·

291 3466 352 3504 ram
378 3466 495 3506 causam
523 3451 691 3517 discordiae,
718 3450 764 3504 alii
784 3451 902 3504 alteram
920 3449 1119 3518 tradiderintP)
1147 3447 1301 3522 φορεκυδης
1316 3446 1347 3498 δέ

291 3553 374 3605 φησιν
401 3533 438 3587 ὅτι
455 3534 573 3607 Κάδμος
593 3534 660 3587 idda
685 3536 714 3586 ἐκ
730 3533 779 3601 γῆς
797 3530 1002 3606 ἀναφυομένους
1026 3534 1127 3608 ἄνδρας
1153 3533 1280 3592 ἐνόπλους
1305 3529 1344 3582 ἐπ’

291 3615 387 3680 αὐτους
411 3621 487 3687 ἔβαλε
513 3621 617 3686 λίθους,
642 3620 669 3672 ολ
695 3618 723 3672 δὲ
749 3617 797 3672 ὑπ’
819 3619 938 3684 ἀλλήλων
965 3622 1118 3691 νομίζοντες
1143 3617 1288 3685 βάλλεσθαι
1313 3615 1349 3672 εἰς

290 3703 381 3776 μάχην
398 3703 561 3769 κατέστησαν.

326 3792 401 3863 (144)
422 3793 475 3849 Ov.
493 3793 609 3849 Metam.
628 3794 675 3850 lV.
692 3793 844 3850 soz-602.

326 3887 401 3954 (145)
421 3889 474 3940 lex.
494 3888 583 3955 myth.
604 3888 740 3942 Roscher.
767 3903 790 3941 s.
808 3903 834 3940 v.
854 3886 983 3941 Kadmos
1002 3886 1032 3939 11.
1050 3900 1076 3954 p.
1088 3885 1153 3940 852.
