2978 4546
761 343 880 451 (5⁶)

296 536 341 584 ex
364 535 433 601 quo
466 514 600 582 fabulae
624 517 777 598 priorem
813 528 944 598 partem
968 514 1081 582 hausit
1107 527 1211 581 totam
1236 533 1347 598 usque

295 626 338 691 ad
360 644 412 691 vs.
435 627 493 706 63,
527 623 584 690 ubi
616 623 780 692 Phoebus
815 626 976 691 iuvenem
1011 624 1200 691 admonere
1235 626 1350 708 coepit

296 733 340 800 de
363 735 439 800 viae
463 732 638 816 periculis.
683 735 846 800 nimirum
869 735 1019 799 ieiunam
1040 735 1273 800 narrationem
1290 751 1350 799 ex·

297 844 442 926 ornavit,
475 855 676 910 ornamenta
708 860 795 910 vero
829 841 932 909 huius
966 843 1072 926 partis
1107 843 1173 925 ipsi
1197 841 1349 909 tribuere

299 950 388 1018 malo
412 970 514 1035 quam
538 954 699 1035 scriptori
723 949 970 1032 Alexandrino,
994 952 1052 1033 qui
1076 947 1218 1018 forsitan
1242 953 1276 1017 in
1300 952 1350 1017 di·

296 1250 422 1318 denique
440 1250 518 1303 cordi
538 1247 632 1304 luisse
650 1256 682 1301 ut
698 1249 788 1312 viam,
810 1261 884 1315 quae
903 1245 1074 1300 Phaethonti
1093 1245 1217 1299 tenenda
1236 1244 1350 1311 luisset,

297 1334 437 1388 circulum
456 1334 579 1387 lacteum
600 1331 694 1386 luisse
713 1331 887 1385 ostenderet.

330 1441 363 1480 ea
381 1427 479 1481 omnia
497 1426 545 1493 qui
558 1425 724 1479 consideret
737 1439 822 1492 quam
836 1423 1001 1478 inconsulto
1014 1437 1047 1476 ac
1059 1431 1170 1477 temere
1182 1437 1198 1474 a
1210 1422 1350 1489 scriptore

297 1517 453 1579 ponantur,
488 1510 558 1562 satis
589 1509 695 1562 babere
729 1515 824 1576 potest
858 1516 1025 1573 argumenta
1064 1506 1204 1574 quaedam
1243 1511 1351 1571 notare,

296 1595 401 1662 quibus
422 1593 536 1647 reiectis
554 1602 645 1646 totum
664 1592 827 1646 aedilicium
846 1601 991 1659 tamquam
1012 1590 1209 1645 fundamentis
1228 1589 1350 1642 sublatis

296 1678 463 1731 necessario
486 1684 608 1731 corruet.
642 1690 743 1729 verum
768 1675 823 1730 boc
847 1676 932 1742 paulo
954 1684 1032 1742 post;
1058 1688 1110 1741 age
1129 1674 1254 1740 primum
1273 1687 1351 1727 nunc

296 1763 446 1815 videamus
466 1761 501 1815 de
519 1760 612 1828 capite
630 1759 817 1827 quaestionis.

331 1864 396 1930 quis
426 1863 542 1916 tandem
573 1862 648 1915 inter
677 1861 873 1914 Romanorum
907 1860 1083 1927 antiquitatis
1116 1860 1243 1913 cultores
1273 1859 1349 1912 serlo

296 1946 392 1999 credat
410 1960 513 2014 poema
525 1944 611 1999 Ovidi
630 1946 659 1997 in
678 1944 755 1998 hunc
774 1946 892 1998 modum
910 1944 1055 2010 corrumpi
1074 1943 1227 2011 potuisse?
1246 1943 1351 2010 quippe

298 2044 355 2084 non
374 2030 486 2097 agimus
505 2030 541 2083 de
559 2038 657 2082 vetere
675 2028 770 2096 aliquo
789 2028 917 2082 carmine
936 2029 1027 2095 epico‚
1043 2042 1145 2081 verum
1164 2027 1200 2081 de
1219 2027 1350 2080 lucubra-

296 2113 423 2166 tionibus
449 2113 522 2166 vatis
551 2111 672 2181 Augusti
700 2112 828 2179 aequalis
858 2113 941 2166 cuius
969 2126 1074 2165 versus
1104 2112 1133 2164 in
1159 2110 1263 2179 vulgus
1290 2111 1350 2165 noti

298 2204 385 2250 erant.
421 2196 537 2263 quinam
557 2195 730 2263 bibliopolae
749 2194 876 2249 iabulam
895 2195 1076 2248 notissimam
1097 2194 1348 2263 grammaticorum

297 2294 384 2347 opera
414 2281 458 2333 bis
488 2294 608 2346 prorsus
635 2279 814 2333 immutatam
845 2288 930 2347 atque
960 2279 1176 2346 pessumdatam
1208 2277 1349 2332 edendam

297 2364 503 2431 susceperint?
526 2364 612 2431 quive
630 2364 806 2430 grammatici
824 2364 1007 2418 incubuerint
1025 2363 1054 2416 in
1073 2363 1167 2418 studia
1184 2371 1241 2416 tam
1260 2361 1351 2416 illibe-

297 2447 388 2501 ralia?
418 2462 492 2515 quos
519 2447 604 2500 etiam
632 2449 747 2515 egregie
769 2448 904 2502 calluisse
930 2448 1107 2514 oportuisset
1133 2454 1222 2500 artem
1241 2460 1351 2500 sermo·

299 2546 425 2599 nemque
443 2530 627 2600 ovidianum,
654 2532 797 2598 siquidem
826 2532 896 2586 nibil
923 2533 1000 2585 inest
1026 2531 1054 2584 in
1079 2538 1137 2585 tota
1161 2530 1255 2584 iabula
1274 2531 1350 2597 quod

299 2616 443 2684 discrepet
456 2630 471 2668 a
484 2616 695 2669 consuetudine
709 2617 854 2669 scribendi
867 2617 1020 2683 ingeniove
1033 2615 1200 2682 peritissimi
1212 2628 1350 2668 versuum

300 2702 516 2767 pangendorum
545 2699 669 2754 artiiicis.
703 2700 775 2753 haec
800 2710 897 2754 tamen
925 2698 1103 2765 Hoepltenus
1131 2698 1185 2752 sibi
1212 2698 1350 2766 probavit.

299 2797 373 2849 quae
392 2797 457 2837 cum
477 2797 528 2850 per
546 2797 580 2836 se
598 2784 750 2850 perspicue
770 2783 843 2838 falsa
862 2785 927 2846 sint,
953 2793 1014 2836 tum
1035 2782 1203 2836 falsissimis
1221 2783 1352 2835 nituntur

299 2867 485 2933 argumentis.
511 2881 634 2934 quotum
649 2881 716 2921 ecce
735 2868 844 2934 aliquot
857 2867 988 2933 exempla
1002 2874 1029 2919 et
1042 2868 1136 2933 primo
1156 2867 1272 2934 quidem
1287 2867 1350 2919 loco

299 2951 366 3005 vitia
384 2951 525 3018 quaedam
545 2951 797 3018 interpretationis.

333 3060 428 3106 narrat
440 3050 563 3106 Ovidius
583 3051 737 3120 (11.40sq.)
757 3050 854 3105 Solem
868 3061 899 3105 ut
912 3052 1002 3105 fllium
1021 3051 1244 3118 amplecteretur
1257 3049 1350 3103 radios

299 3137 406 3189 circum
425 3146 509 3202 caput
527 3136 710 3203 deposuisse,
736 3137 846 3189 scilicet
872 3136 948 3202 quod
973 3135 1081 3189 nimius
1108 3135 1247 3202 splendor
1264 3133 1350 3187 Phae·

299 3221 390 3273 thonti
418 3221 625 3288 impedimento
655 3221 772 3282 luisset,
799 3220 955 3286 quominus
982 3219 1101 3286 propius
1128 3218 1285 3273 accederet.
1323 3224 1351 3269 at

300 3302 477 3370 Hoepkenus
505 3305 594 3356 sumit
619 3303 674 3357 hoc
701 3304 764 3356 loco
792 3302 945 3370 significari
969 3303 1040 3356 solis
1059 3317 1204 3357 occasum.
1240 3302 1307 3369 quid
1326 3301 1351 3354 si

300 3401 352 3452 ego
371 3387 435 3440 dico
447 3386 613 3440 iamdudum
628 3394 742 3440 noctem
757 3385 860 3451 luisse,
878 3400 943 3439 cum
958 3385 1007 3440 Sol
1020 3401 1078 3439 non
1092 3400 1176 3439 curru
1188 3385 1351 3444 veheretur,

299 3471 352 3523 sed
371 3469 448 3523 domi
467 3467 597 3523 sederet?
617 3469 684 3521 talia
702 3470 776 3536 apud
795 3468 931 3523 Ovidium
951 3483 1007 3523 non
1026 3477 1095 3523 sunt
1112 3470 1270 3537 unguenda.

334 3576 433 3623 monet
459 3570 544 3622 etiam
564 3568 743 3637 Hoepltenus
770 3572 876 3638 regiam
899 3568 975 3625 Solis
1004 3584 1071 3624 esse
1097 3569 1252 3637 imaginem
1280 3568 1352 3622 solis

299 3652 465 3706 occidentis.
500 3653 577 3720 quod
604 3661 635 3706 ut
661 3662 726 3719 apte
753 3655 1017 3722 convenienterque
1045 3653 1239 3719 demonstret,
1264 3651 1353 3706 sumit

298 3744 439 3790 terrarum
464 3737 562 3790 orbem
588 3737 750 3803 significare
776 3738 933 3804 linientem,
958 3752 1024 3792 cum
1052 3737 1130 3790 orbis
1157 3745 1297 3790 tetrarum
1325 3742 1353 3788 et

299 3819 369 3873 alias
389 3821 463 3874 idem
484 3821 521 3873 sit
533 3820 610 3886 quod
628 3829 703 3875 terra
716 3829 744 3874 et
756 3823 810 3876 hoc
823 3822 887 3876 loco
900 3836 1007 3875 sensus
1021 3821 1186 3875 communis
1205 3829 1353 3887 poscatur;

299 3905 454 3971 opponitur
473 3905 548 3958 enim
569 3905 743 3972 aequoribus
762 3915 790 3959 et
808 3907 896 3959 caelo.
1308 3902 1311 3907 ’
