2978 4546
298 524 412 589 steria.
456 520 622 590 hactenus
645 535 758 590 autem
780 524 950 590 cecinisse
966 521 1241 592 Alexandrinum
1265 543 1349 608 poe·

298 645 364 697 tam
399 632 586 714 quominus
620 645 810 699 statuamus
833 632 916 715 quid
950 630 1087 699 obstat?
1130 635 1346 717 aptissimum

298 736 390 807 hun'c
427 741 588 823 equidem
623 739 726 808 linem
762 740 868 824 epylli
903 760 982 809 esse
1017 760 1107 808 reor.
1155 744 1208 808 sin
1242 741 1350 825 aliter,

298 849 477 933 quomodo
495 849 681 933 explanare
697 853 813 934 possis
831 847 998 918 Ovidium
1017 849 1348 934 metamorphoseon

299 960 519 1041 expositione
552 957 706 1026 absoluta
730 960 854 1025 iterum
889 959 931 1025 ad
955 957 1072 1026 Solem
1105 960 1247 1027 redire?
1290 961 1349 1027 ad-

299 1069 441 1135 modum
477 1066 616 1134 difficile
650 1082 702 1135 est
734 1069 855 1135 videre
892 1087 955 1134 cur
977 1071 1053 1135 sine
1087 1081 1178 1135 certa
1194 1069 1347 1152 quadam

299 1195 401 1243 causa
425 1178 467 1242 ita
491 1174 631 1243 iecisset
653 1176 818 1259 nulloque
842 1176 1005 1259 exemplo
1029 1177 1200 1242 invitatus.
1230 1175 1349 1242 sedin

299 1285 431 1368 singula
455 1286 699 1368 inquirendum
725 1300 786 1352 est.

341 1392 460 1461 scribit
475 1393 671 1461 Knaackius
694 1392 771 1476 (95)
795 1412 834 1461 se
857 1412 927 1460 non
951 1391 1079 1461 habere
1103 1412 1172 1477 quo
1189 1392 1349 1477 querelas

300 1500 493 1585 Clymenes
517 1501 646 1571 referat
669 1516 812 1570 testatus
836 1522 954 1570 earum
989 1503 1081 1586 apud
1104 1501 1269 1570 Nonnum
1294 1521 1350 1569 ce-

299 1627 464 1697 terosque
480 1615 670 1696 scriptores
687 1632 775 1697 quos
792 1630 897 1695 supra
914 1612 1049 1679 laudavi
1073 1612 1165 1679 nulla
1181 1630 1350 1695 apparere

298 1724 451 1806 vestigia.
486 1735 517 1788 at
541 1741 616 1789 mea
640 1722 780 1805 quidem
804 1723 972 1788 sententia
989 1718 1157 1788 Ovidium
1181 1718 1248 1787 hoc
1272 1719 1350 1787 loco

300 1829 430 1898 iontem
455 1833 628 1914 poeticum
653 1832 869 1898 contraxisse
892 1844 983 1914 patet
1006 1848 1025 1896 e
1048 1848 1099 1896 vs.
1123 1833 1193 1896 333
1210 1847 1276 1912 sq.:

448 2057 477 2104 at
494 2049 636 2117 Clymene
655 2056 806 2118 postquam
826 2050 894 2104 dixit
912 2063 1111 2117 quaecumque
1129 2048 1244 2102 luerunt

451 2135 479 2188 in
498 2133 584 2188 tantis
603 2133 723 2188 dicenda
741 2134 834 2199 malis,

301 2348 433 2417 collatis
456 2369 534 2417 cum
558 2351 699 2418 Metam.
721 2349 776 2418 lV.
799 2356 885 2418 251:

449 2568 597 2635 multaque
609 2576 813 2635 praequestus:
831 2574 932 2635 tanges
950 2575 1046 2621 tamen
1064 2567 1189 2633 aethera,
1207 2566 1284 2632 dixit,

299 2786 377 2835 nam
401 2767 457 2835 hic
480 2787 620 2853 quoque
643 2787 768 2853 poema
792 2767 1065 2835 Alexandrinum
1089 2769 1132 2836 de
1156 2767 1247 2836 Solis
1271 2786 1349 2835 cum

299 2875 500 2945 Leucothoe
545 2876 732 2961 Clytieque
776 2876 953 2944 amoribus
997 2877 1145 2945 subesse
1188 2878 1350 2944 viderunt

298 2969 562 3055 Mannhardtius
580 2985 658 3071 (96)
683 3002 717 3054 et
740 2985 890 3056 Crusius
915 2984 1010 3070 (97);
1045 2985 1229 3071 utrobique
1257 2988 1349 3054 enim

299 3108 400 3178 poeta
424 3093 543 3178 longas
567 3096 803 3179 querimonias
834 3096 877 3160 ita
900 3096 1059 3162 omittere
1085 3095 1223 3163 videtur
1245 3107 1281 3161 ut
1303 3108 1350 3161 ta·

299 3222 378 3270 men
392 3202 532 3286 oblique
545 3217 579 3270 et
591 3201 809 3270 subobscure
822 3201 989 3286 significet
1000 3222 1039 3270 se
1052 3222 1111 3270 eas
1126 3204 1252 3287 legisse
1260 3200 1350 3285 (98).

332 3458 393 3526 (95)
411 3461 427 3512 l.
447 3461 465 3512 l.
482 3474 508 3526 p.
526 3459 570 3513 45.

332 3552 390 3620 (96)
410 3552 513 3621 Klytia.
540 3552 646 3607 Berlin.
676 3553 753 3607 1875.
780 3567 807 3620 p.
831 3553 872 3607 16.

332 3644 389 3712 (97)
408 3644 499 3699 Ersch
517 3645 576 3700 und
595 3643 718 3711 Gruber,
735 3645 908 3714 allgemeine
926 3644 1135 3713 Encyclopiidie
1153 3645 1205 3699 der
1222 3643 1350 3698 Wissen·

298 3727 432 3783 schalten
452 3729 510 3784 und
529 3728 651 3796 Kirnste,
669 3744 692 3784 s.
709 3744 734 3784 v.
755 3729 851 3797 Klytia
868 3729 972 3797 (1885).

332 3828 390 3896 (98)
409 3828 448 3884 11.
466 3829 550 3884 etlam
579 3830 694 3884 Metam.
712 3828 781 3882 Χ111.
798 3829 853 3882 480
866 3844 938 3897 sqq,
964 3828 1012 3882 ubi
1031 3828 1193 3895 Polyxenes
1222 3836 1352 3882 narratur

299 3912 483 3968 sacrificium:
