<?xml version="1.0" encoding="UTF-8"?>
<!DOCTYPE html PUBLIC "-//W3C//DTD XHTML 1.0 Transitional//EN"
    "http://www.w3.org/TR/xhtml1/DTD/xhtml1-transitional.dtd">
<html xmlns="http://www.w3.org/1999/xhtml" xml:lang="en" lang="en">
 <head>
  <title>
</title>
<meta http-equiv="Content-Type" content="text/html;charset=utf-8" />
  <meta name='ocr-system' content='tesseract 3.04.00' />
  <meta name='ocr-capabilities' content='ocr_page ocr_carea ocr_par ocr_line ocrx_word'/>
</head>
<body>
  <div class='ocr_page' id='page_1' title='image "./deovidimythopoe00vollgoog_0029.png"; bbox 0 0 2962 4538; ppageno 0'>
   <div class='ocr_carea' id='block_1_1' title="bbox 747 350 866 459">
    <p class='ocr_par' dir='ltr' id='par_1_1' title="bbox 747 350 866 459">
     <span class='ocr_line' id='line_1_1' title="bbox 747 350 866 459; baseline 0.025 -3"><span class='ocrx_word' id='word_1_1' title='bbox 747 350 866 459; x_wconf 80' lang='lat' dir='ltr'>(ll)</span> 
     </span>
    </p>
   </div>
   <div class='ocr_carea' id='block_1_2' title="bbox 282 521 1334 1462">
    <p class='ocr_par' dir='ltr' id='par_1_2' title="bbox 282 521 1334 1462">
     <span class='ocr_line' id='line_1_2' title="bbox 285 521 1332 592; baseline -0.004 -2"><span class='ocrx_word' id='word_1_2' title='bbox 285 522 416 591; x_wconf 92' lang='lat' dir='ltr'>Ovidio</span> <span class='ocrx_word' id='word_1_3' title='bbox 458 523 634 592; x_wconf 84' lang='lat' dir='ltr'>fluxisse?</span> <span class='ocrx_word' id='word_1_4' title='bbox 678 521 788 591; x_wconf 82' lang='lat' dir='ltr'>fateor</span> <span class='ocrx_word' id='word_1_5' title='bbox 824 524 892 590; x_wconf 85' lang='lat' dir='ltr'>lruc</span> <span class='ocrx_word' id='word_1_6' title='bbox 928 522 1093 589; x_wconf 92' lang='lat' dir='ltr'>inclinare</span> <span class='ocrx_word' id='word_1_7' title='bbox 1130 523 1332 589; x_wconf 83' lang='lat' dir='ltr'>sententiam</span> 
     </span>
     <span class='ocr_line' id='line_1_3' title="bbox 285 629 1333 716; baseline -0.003 -17"><span class='ocrx_word' id='word_1_8' title='bbox 285 652 406 700; x_wconf 89' lang='lat' dir='ltr'>meam.</span> <span class='ocrx_word' id='word_1_9' title='bbox 451 647 544 700; x_wconf 91' lang='lat' dir='ltr'>certe</span> <span class='ocrx_word' id='word_1_10' title='bbox 578 631 652 699; x_wconf 87' lang='lat' dir='ltr'>sola</span> <span class='ocrx_word' id='word_1_11' title='bbox 685 651 741 699; x_wconf 92' lang='lat' dir='ltr'>res</span> <span class='ocrx_word' id='word_1_12' title='bbox 777 651 843 716; x_wconf 88' lang='lat' dir='ltr'>qua</span> <span class='ocrx_word' id='word_1_13' title='bbox 875 631 1033 698; x_wconf 88' lang='lat' dir='ltr'>scholion</span> <span class='ocrx_word' id='word_1_14' title='bbox 1067 631 1109 697; x_wconf 89' lang='lat' dir='ltr'>ad</span> <span class='ocrx_word' id='word_1_15' title='bbox 1143 629 1333 714; x_wconf 84' lang='lat' dir='ltr'>Vergilium</span> 
     </span>
     <span class='ocr_line' id='line_1_4' title="bbox 285 737 1334 825; baseline -0.002 -17"><span class='ocrx_word' id='word_1_16' title='bbox 285 741 487 825; x_wconf 78' lang='lat' dir='ltr'>explicatius</span> <span class='ocrx_word' id='word_1_17' title='bbox 511 753 563 808; x_wconf 88' lang='lat' dir='ltr'>est</span> <span class='ocrx_word' id='word_1_18' title='bbox 585 740 675 808; x_wconf 86' lang='lat' dir='ltr'>facili</span> <span class='ocrx_word' id='word_1_19' title='bbox 699 743 896 808; x_wconf 88' lang='lat' dir='ltr'>coniectura</span> <span class='ocrx_word' id='word_1_20' title='bbox 916 759 960 807; x_wconf 89' lang='lat' dir='ltr'>ex</span> <span class='ocrx_word' id='word_1_21' title='bbox 984 742 1061 824; x_wconf 93' lang='lat' dir='ltr'>ipso</span> <span class='ocrx_word' id='word_1_22' title='bbox 1078 737 1209 806; x_wconf 92' lang='lat' dir='ltr'>Ovidio</span> <span class='ocrx_word' id='word_1_23' title='bbox 1234 757 1334 823; x_wconf 92' lang='lat' dir='ltr'>repe·</span> 
     </span>
     <span class='ocr_line' id='line_1_5' title="bbox 284 849 1333 934; baseline -0.002 -18"><span class='ocrx_word' id='word_1_24' title='bbox 284 849 426 917; x_wconf 79' lang='lat' dir='ltr'>rebatur.</span> <span class='ocrx_word' id='word_1_25' title='bbox 470 849 664 917; x_wconf 90' lang='lat' dir='ltr'>Lactantius</span> <span class='ocrx_word' id='word_1_26' title='bbox 698 868 838 934; x_wconf 87' lang='lat' dir='ltr'>quoque</span> <span class='ocrx_word' id='word_1_27' title='bbox 867 851 926 934; x_wconf 90' lang='lat' dir='ltr'>qui</span> <span class='ocrx_word' id='word_1_28' title='bbox 948 852 982 916; x_wconf 95' lang='lat' dir='ltr'>in</span> <span class='ocrx_word' id='word_1_29' title='bbox 1006 863 1207 932; x_wconf 87' lang='lat' dir='ltr'>argumento</span> <span class='ocrx_word' id='word_1_30' title='bbox 1231 849 1333 915; x_wconf 87' lang='lat' dir='ltr'>huius</span> 
     </span>
     <span class='ocr_line' id='line_1_6' title="bbox 283 956 1332 1042; baseline -0.002 -18"><span class='ocrx_word' id='word_1_31' title='bbox 283 957 417 1026; x_wconf 83' lang='lat' dir='ltr'>fabulae</span> <span class='ocrx_word' id='word_1_32' title='bbox 441 958 535 1025; x_wconf 92' lang='lat' dir='ltr'>nullo</span> <span class='ocrx_word' id='word_1_33' title='bbox 558 973 696 1042; x_wconf 90' lang='lat' dir='ltr'>praeter</span> <span class='ocrx_word' id='word_1_34' title='bbox 716 956 884 1025; x_wconf 92' lang='lat' dir='ltr'>Ovidium</span> <span class='ocrx_word' id='word_1_35' title='bbox 908 956 1002 1025; x_wconf 81' lang='lat' dir='ltr'>fonte</span> <span class='ocrx_word' id='word_1_36' title='bbox 1025 976 1109 1024; x_wconf 92' lang='lat' dir='ltr'>usus</span> <span class='ocrx_word' id='word_1_37' title='bbox 1133 975 1212 1024; x_wconf 91' lang='lat' dir='ltr'>esse</span> <span class='ocrx_word' id='word_1_38' title='bbox 1235 957 1332 1023; x_wconf 92' lang='lat' dir='ltr'>vide·</span> 
     </span>
     <span class='ocr_line' id='line_1_7' title="bbox 283 1065 1332 1151; baseline -0.001 -18"><span class='ocrx_word' id='word_1_39' title='bbox 283 1082 348 1151; x_wconf 85' lang='lat' dir='ltr'>tur,</span> <span class='ocrx_word' id='word_1_40' title='bbox 378 1070 519 1135; x_wconf 84' lang='lat' dir='ltr'>remita</span> <span class='ocrx_word' id='word_1_41' title='bbox 553 1081 666 1134; x_wconf 92' lang='lat' dir='ltr'>narrat</span> <span class='ocrx_word' id='word_1_42' title='bbox 689 1068 796 1151; x_wconf 81' lang='lat' dir='ltr'>&#39;quasi</span> <span class='ocrx_word' id='word_1_43' title='bbox 819 1067 958 1151; x_wconf 82' lang='lat' dir='ltr'>Lycaon</span> <span class='ocrx_word' id='word_1_44' title='bbox 992 1067 1143 1134; x_wconf 92' lang='lat' dir='ltr'>advenas</span> <span class='ocrx_word' id='word_1_45' title='bbox 1176 1065 1332 1149; x_wconf 85' lang='lat' dir='ltr'>hospites</span> 
     </span>
     <span class='ocr_line' id='line_1_8' title="bbox 283 1174 1334 1259; baseline -0.002 -17"><span class='ocrx_word' id='word_1_46' title='bbox 283 1177 455 1244; x_wconf 89' lang='lat' dir='ltr'>trucidare</span> <span class='ocrx_word' id='word_1_47' title='bbox 478 1176 607 1244; x_wconf 88' lang='lat' dir='ltr'>soleret</span> <span class='ocrx_word' id='word_1_48' title='bbox 631 1175 721 1259; x_wconf 84' lang='grc'>(23).</span> <span class='ocrx_word' id='word_1_49' title='bbox 765 1174 917 1244; x_wconf 90' lang='lat' dir='ltr'>Ovidius</span> <span class='ocrx_word' id='word_1_50' title='bbox 945 1191 1058 1244; x_wconf 92' lang='lat' dir='ltr'>autem</span> <span class='ocrx_word' id='word_1_51' title='bbox 1082 1178 1208 1243; x_wconf 87' lang='lat' dir='ltr'>invitus</span> <span class='ocrx_word' id='word_1_52' title='bbox 1231 1175 1334 1243; x_wconf 93' lang='lat' dir='ltr'>scho-</span> 
     </span>
     <span class='ocr_line' id='line_1_9' title="bbox 283 1284 1334 1369; baseline -0.002 -18"><span class='ocrx_word' id='word_1_53' title='bbox 283 1285 399 1353; x_wconf 91' lang='lat' dir='ltr'>liastae</span> <span class='ocrx_word' id='word_1_54' title='bbox 422 1284 642 1369; x_wconf 89' lang='lat' dir='ltr'>Lactantique</span> <span class='ocrx_word' id='word_1_55' title='bbox 665 1285 844 1353; x_wconf 85' lang='lat' dir='ltr'>erroribus</span> <span class='ocrx_word' id='word_1_56' title='bbox 872 1305 989 1353; x_wconf 90' lang='lat' dir='ltr'>ausam</span> <span class='ocrx_word' id='word_1_57' title='bbox 1024 1287 1163 1354; x_wconf 88' lang='lat' dir='ltr'>dedisse</span> <span class='ocrx_word' id='word_1_58' title='bbox 1196 1285 1334 1353; x_wconf 90' lang='lat' dir='ltr'>videtur</span> 
     </span>
     <span class='ocr_line' id='line_1_10' title="bbox 282 1395 484 1462; baseline -0.01 -1"><span class='ocrx_word' id='word_1_59' title='bbox 282 1395 484 1462; x_wconf 88' lang='lat' dir='ltr'>scribendo:</span> 
     </span>
    </p>
   </div>
   <div class='ocr_carea' id='block_1_3' title="bbox 280 1636 1310 2040">
    <p class='ocr_par' dir='ltr' id='par_1_3' title="bbox 280 1636 1310 2040">
     <span class='ocr_line' id='line_1_11' title="bbox 285 1636 1166 1705; baseline 0.002 -17"><span class='ocrx_word' id='word_1_60' title='bbox 285 1636 336 1689; x_wconf 83' lang='grc'>198</span> <span class='ocrx_word' id='word_1_61' title='bbox 817 1646 903 1690; x_wconf 90' lang='lat' dir='ltr'>notus</span> <span class='ocrx_word' id='word_1_62' title='bbox 926 1636 1036 1691; x_wconf 77' lang='lat' dir='ltr'>feritare</span> <span class='ocrx_word' id='word_1_63' title='bbox 1054 1637 1166 1705; x_wconf 83' lang='lat' dir='ltr'>Lycaon</span> 
     </span>
     <span class='ocr_line' id='line_1_12' title="bbox 280 1720 1182 1788; baseline 0.003 -17"><span class='ocrx_word' id='word_1_64' title='bbox 280 1720 335 1771; x_wconf 87' lang='grc'>218</span> <span class='ocrx_word' id='word_1_65' title='bbox 815 1720 960 1788; x_wconf 78' lang='lat' dir='ltr'>inhospita</span> <span class='ocrx_word' id='word_1_66' title='bbox 979 1729 1052 1775; x_wconf 88' lang='lat' dir='ltr'>tecta</span> <span class='ocrx_word' id='word_1_67' title='bbox 1070 1722 1182 1788; x_wconf 83' lang='lat' dir='ltr'>tyranni</span> 
     </span>
     <span class='ocr_line' id='line_1_13' title="bbox 281 1803 1181 1872; baseline 0.002 -16"><span class='ocrx_word' id='word_1_68' title='bbox 281 1803 336 1856; x_wconf 92' lang='grc'>233</span> <span class='ocrx_word' id='word_1_69' title='bbox 1063 1805 1098 1858; x_wconf 82' lang='lat' dir='ltr'>ab</span> <span class='ocrx_word' id='word_1_70' title='bbox 1116 1805 1181 1872; x_wconf 92' lang='lat' dir='ltr'>ipso</span> 
     </span>
     <span class='ocr_line' id='line_1_14' title="bbox 431 1888 1143 1956; baseline 0.003 -16"><span class='ocrx_word' id='word_1_71' title='bbox 431 1888 537 1955; x_wconf 86' lang='lat' dir='ltr'>colligit</span> <span class='ocrx_word' id='word_1_72' title='bbox 554 1902 588 1941; x_wconf 89' lang='lat' dir='ltr'>os</span> <span class='ocrx_word' id='word_1_73' title='bbox 607 1889 714 1942; x_wconf 83' lang='lat' dir='ltr'>rabiem</span> <span class='ocrx_word' id='word_1_74' title='bbox 734 1889 876 1956; x_wconf 86' lang='lat' dir='ltr'>solitaque</span> <span class='ocrx_word' id='word_1_75' title='bbox 895 1890 1029 1956; x_wconf 89' lang='lat' dir='ltr'>cupidine</span> <span class='ocrx_word' id='word_1_76' title='bbox 1047 1890 1143 1942; x_wconf 86' lang='lat' dir='ltr'>caedis</span> 
     </span>
     <span class='ocr_line' id='line_1_15' title="bbox 431 1972 1310 2040; baseline 0.001 -17"><span class='ocrx_word' id='word_1_77' title='bbox 431 1972 552 2024; x_wconf 89' lang='lat' dir='ltr'>vertitur</span> <span class='ocrx_word' id='word_1_78' title='bbox 572 1972 600 2023; x_wconf 94' lang='lat' dir='ltr'>in</span> <span class='ocrx_word' id='word_1_79' title='bbox 620 1973 747 2038; x_wconf 90' lang='lat' dir='ltr'>pecudes</span> <span class='ocrx_word' id='word_1_80' title='bbox 766 1982 794 2025; x_wconf 87' lang='lat' dir='ltr'>et</span> <span class='ocrx_word' id='word_1_81' title='bbox 812 1986 889 2026; x_wconf 87' lang='lat' dir='ltr'>nunc</span> <span class='ocrx_word' id='word_1_82' title='bbox 907 1986 1023 2039; x_wconf 88' lang='lat' dir='ltr'>quoque</span> <span class='ocrx_word' id='word_1_83' title='bbox 1040 1973 1181 2040; x_wconf 86' lang='lat' dir='ltr'>sanguine</span> <span class='ocrx_word' id='word_1_84' title='bbox 1200 1975 1310 2039; x_wconf 86' lang='lat' dir='ltr'>gaudet.</span> 
     </span>
    </p>
   </div>
   <div class='ocr_carea' id='block_1_4' title="bbox 279 2211 1332 3383">
    <p class='ocr_par' dir='ltr' id='par_1_4' title="bbox 279 2211 1332 3383">
     <span class='ocr_line' id='line_1_16' title="bbox 324 2211 1332 2282; baseline 0.004 -5"><span class='ocrx_word' id='word_1_85' title='bbox 324 2226 428 2279; x_wconf 89' lang='lat' dir='ltr'>restat</span> <span class='ocrx_word' id='word_1_86' title='bbox 451 2227 486 2279; x_wconf 98' lang='lat' dir='ltr'>ut</span> <span class='ocrx_word' id='word_1_87' title='bbox 513 2211 660 2280; x_wconf 84' lang='lat' dir='ltr'>fabulam</span> <span class='ocrx_word' id='word_1_88' title='bbox 691 2215 885 2280; x_wconf 82' lang='lat' dir='ltr'>ovidianum</span> <span class='ocrx_word' id='word_1_89' title='bbox 916 2214 1135 2282; x_wconf 75' lang='lat' dir='ltr'>conseramus</span> <span class='ocrx_word' id='word_1_90' title='bbox 1170 2234 1248 2281; x_wconf 90' lang='lat' dir='ltr'>cum</span> <span class='ocrx_word' id='word_1_91' title='bbox 1281 2216 1332 2281; x_wconf 95' lang='lat' dir='ltr'>di-</span> 
     </span>
     <span class='ocr_line' id='line_1_17' title="bbox 279 2320 1329 2406; baseline 0.005 -21"><span class='ocrx_word' id='word_1_92' title='bbox 279 2323 392 2388; x_wconf 86' lang='lat' dir='ltr'>versis</span> <span class='ocrx_word' id='word_1_93' title='bbox 417 2321 574 2388; x_wconf 87' lang='lat' dir='ltr'>eiusdem</span> <span class='ocrx_word' id='word_1_94' title='bbox 598 2320 731 2389; x_wconf 83' lang='lat' dir='ltr'>fabulae</span> <span class='ocrx_word' id='word_1_95' title='bbox 765 2320 892 2406; x_wconf 85' lang='lat' dir='ltr'>figuris.</span> <span class='ocrx_word' id='word_1_96' title='bbox 938 2341 1026 2391; x_wconf 92' lang='lat' dir='ltr'>neve</span> <span class='ocrx_word' id='word_1_97' title='bbox 1053 2324 1234 2391; x_wconf 88' lang='lat' dir='ltr'>videamur</span> <span class='ocrx_word' id='word_1_98' title='bbox 1257 2343 1329 2391; x_wconf 87' lang='lat' dir='ltr'>rem</span> 
     </span>
     <span class='ocr_line' id='line_1_18' title="bbox 280 2430 1330 2519; baseline 0.004 -23"><span class='ocrx_word' id='word_1_99' title='bbox 280 2444 387 2497; x_wconf 89' lang='lat' dir='ltr'>actam</span> <span class='ocrx_word' id='word_1_100' title='bbox 422 2447 539 2514; x_wconf 85' lang='lat' dir='ltr'>agere,</span> <span class='ocrx_word' id='word_1_101' title='bbox 571 2430 803 2499; x_wconf 89' lang='lat' dir='ltr'>Immerwahri</span> <span class='ocrx_word' id='word_1_102' title='bbox 836 2434 990 2515; x_wconf 87' lang='lat' dir='ltr'>vestigiis</span> <span class='ocrx_word' id='word_1_103' title='bbox 1024 2435 1239 2517; x_wconf 88' lang='lat' dir='ltr'>insistemus,</span> <span class='ocrx_word' id='word_1_104' title='bbox 1273 2437 1330 2519; x_wconf 90' lang='lat' dir='ltr'>qui</span> 
     </span>
     <span class='ocr_line' id='line_1_19' title="bbox 281 2538 1330 2626; baseline 0.006 -22"><span class='ocrx_word' id='word_1_105' title='bbox 281 2540 457 2606; x_wconf 90' lang='lat' dir='ltr'>contendit</span> <span class='ocrx_word' id='word_1_106' title='bbox 491 2538 569 2623; x_wconf 83' lang='lat'><strong>(24)</strong></span> <span class='ocrx_word' id='word_1_107' title='bbox 608 2543 802 2608; x_wconf 90' lang='lat' dir='ltr'>testimonia</span> <span class='ocrx_word' id='word_1_108' title='bbox 840 2543 1049 2624; x_wconf 92' lang='lat' dir='ltr'>scriptorum</span> <span class='ocrx_word' id='word_1_109' title='bbox 1087 2542 1130 2608; x_wconf 88' lang='lat' dir='ltr'>de</span> <span class='ocrx_word' id='word_1_110' title='bbox 1168 2541 1330 2626; x_wconf 83' lang='lat' dir='ltr'>Lycaone</span> 
     </span>
     <span class='ocr_line' id='line_1_20' title="bbox 279 2645 1332 2735; baseline 0.007 -23"><span class='ocrx_word' id='word_1_111' title='bbox 279 2645 434 2714; x_wconf 87' lang='lat' dir='ltr'>bilariam</span> <span class='ocrx_word' id='word_1_112' title='bbox 458 2648 644 2716; x_wconf 89' lang='lat' dir='ltr'>dividenda</span> <span class='ocrx_word' id='word_1_113' title='bbox 667 2668 756 2732; x_wconf 88' lang='lat' dir='ltr'>esse,</span> <span class='ocrx_word' id='word_1_114' title='bbox 780 2652 909 2734; x_wconf 86' lang='lat' dir='ltr'>quippe</span> <span class='ocrx_word' id='word_1_115' title='bbox 932 2669 1078 2735; x_wconf 90' lang='lat' dir='ltr'>quarum</span> <span class='ocrx_word' id='word_1_116' title='bbox 1102 2651 1186 2719; x_wconf 91' lang='lat' dir='ltr'>aliae</span> <span class='ocrx_word' id='word_1_117' title='bbox 1203 2652 1332 2720; x_wconf 91' lang='lat' dir='ltr'>Hesio-</span> 
     </span>
     <span class='ocr_line' id='line_1_21' title="bbox 280 2756 1331 2844; baseline 0.007 -23"><span class='ocrx_word' id='word_1_118' title='bbox 280 2757 379 2823; x_wconf 92' lang='lat' dir='ltr'>deam</span> <span class='ocrx_word' id='word_1_119' title='bbox 403 2756 487 2824; x_wconf 92' lang='lat' dir='ltr'>aliae</span> <span class='ocrx_word' id='word_1_120' title='bbox 503 2756 751 2825; x_wconf 90' lang='lat' dir='ltr'>hellenisticam</span> <span class='ocrx_word' id='word_1_121' title='bbox 779 2773 811 2826; x_wconf 90' lang='lat' dir='ltr'>et</span> <span class='ocrx_word' id='word_1_122' title='bbox 827 2759 1015 2827; x_wconf 87' lang='lat' dir='ltr'>Romanam</span> <span class='ocrx_word' id='word_1_123' title='bbox 1039 2758 1180 2844; x_wconf 84' lang='lat' dir='ltr'>figuram</span> <span class='ocrx_word' id='word_1_124' title='bbox 1197 2761 1331 2828; x_wconf 83' lang='lat' dir='ltr'>fabulae</span> 
     </span>
     <span class='ocr_line' id='line_1_22' title="bbox 280 2862 1331 2954; baseline 0.006 -24"><span class='ocrx_word' id='word_1_125' title='bbox 280 2862 440 2933; x_wconf 82' lang='lat' dir='ltr'>referant.</span> <span class='ocrx_word' id='word_1_126' title='bbox 485 2866 541 2933; x_wconf 93' lang='lat' dir='ltr'>ille</span> <span class='ocrx_word' id='word_1_127' title='bbox 576 2868 716 2950; x_wconf 91' lang='lat' dir='ltr'>quidem</span> <span class='ocrx_word' id='word_1_128' title='bbox 744 2886 813 2935; x_wconf 94' lang='lat' dir='ltr'>non</span> <span class='ocrx_word' id='word_1_129' title='bbox 844 2869 1044 2954; x_wconf 83' lang='lat' dir='ltr'>significavit</span> <span class='ocrx_word' id='word_1_130' title='bbox 1071 2886 1185 2937; x_wconf 88' lang='lat' dir='ltr'>utrum</span> <span class='ocrx_word' id='word_1_131' title='bbox 1209 2874 1243 2936; x_wconf 94' lang='lat' dir='ltr'>in</span> <span class='ocrx_word' id='word_1_132' title='bbox 1266 2869 1331 2936; x_wconf 86' lang='lat' dir='ltr'>Ar-</span> 
     </span>
     <span class='ocr_line' id='line_1_23' title="bbox 280 2975 1329 3061; baseline 0.001 -21"><span class='ocrx_word' id='word_1_133' title='bbox 280 2975 375 3041; x_wconf 90' lang='lat' dir='ltr'>cadia</span> <span class='ocrx_word' id='word_1_134' title='bbox 398 2990 579 3060; x_wconf 91' lang='lat' dir='ltr'>utramque</span> <span class='ocrx_word' id='word_1_135' title='bbox 602 2975 743 3061; x_wconf 84' lang='lat' dir='ltr'>figuram</span> <span class='ocrx_word' id='word_1_136' title='bbox 761 2992 871 3045; x_wconf 85' lang='lat' dir='ltr'>natam</span> <span class='ocrx_word' id='word_1_137' title='bbox 896 2997 974 3045; x_wconf 92' lang='lat' dir='ltr'>esse</span> <span class='ocrx_word' id='word_1_138' title='bbox 999 2992 1137 3045; x_wconf 91' lang='lat' dir='ltr'>censeat</span> <span class='ocrx_word' id='word_1_139' title='bbox 1153 2996 1194 3043; x_wconf 91' lang='lat' dir='ltr'>an</span> <span class='ocrx_word' id='word_1_140' title='bbox 1212 2990 1329 3043; x_wconf 87' lang='lat' dir='ltr'>contra</span> 
     </span>
     <span class='ocr_line' id='line_1_24' title="bbox 280 3082 1328 3169; baseline -0.001 -19"><span class='ocrx_word' id='word_1_141' title='bbox 280 3088 509 3152; x_wconf 86' lang='lat' dir='ltr'>recentiorem</span> <span class='ocrx_word' id='word_1_142' title='bbox 533 3097 713 3169; x_wconf 91' lang='lat' dir='ltr'>poetarum</span> <span class='ocrx_word' id='word_1_143' title='bbox 738 3087 910 3168; x_wconf 87' lang='lat' dir='ltr'>ingenium</span> <span class='ocrx_word' id='word_1_144' title='bbox 935 3102 978 3150; x_wconf 91' lang='lat' dir='ltr'>ex</span> <span class='ocrx_word' id='word_1_145' title='bbox 1001 3085 1194 3166; x_wconf 89' lang='lat' dir='ltr'>antiquiore</span> <span class='ocrx_word' id='word_1_146' title='bbox 1217 3082 1328 3150; x_wconf 83' lang='lat' dir='ltr'>fabula</span> 
     </span>
     <span class='ocr_line' id='line_1_25' title="bbox 279 3181 1329 3277; baseline 0.003 -21"><span class='ocrx_word' id='word_1_147' title='bbox 279 3181 502 3274; x_wconf 87' lang='lat' dir='ltr'>protraxisse.</span> <span class='ocrx_word' id='word_1_148' title='bbox 547 3211 754 3277; x_wconf 89' lang='lat' dir='ltr'>quamquam</span> <span class='ocrx_word' id='word_1_149' title='bbox 781 3189 887 3258; x_wconf 89' lang='lat' dir='ltr'>verba</span> <span class='ocrx_word' id='word_1_150' title='bbox 918 3193 1027 3274; x_wconf 87' lang='lat' dir='ltr'>ipsius</span> <span class='ocrx_word' id='word_1_151' title='bbox 1065 3210 1120 3257; x_wconf 93' lang='lat' dir='ltr'>me</span> <span class='ocrx_word' id='word_1_152' title='bbox 1155 3191 1329 3259; x_wconf 90' lang='lat' dir='ltr'>adducunt</span> 
     </span>
     <span class='ocr_line' id='line_1_26' title="bbox 280 3298 1080 3383; baseline 0.008 -22"><span class='ocrx_word' id='word_1_153' title='bbox 280 3312 316 3363; x_wconf 92' lang='lat' dir='ltr'>ut</span> <span class='ocrx_word' id='word_1_154' title='bbox 339 3301 477 3367; x_wconf 92' lang='lat' dir='ltr'>credam</span> <span class='ocrx_word' id='word_1_155' title='bbox 501 3300 585 3366; x_wconf 92' lang='lat' dir='ltr'>illud</span> <span class='ocrx_word' id='word_1_156' title='bbox 609 3306 640 3366; x_wconf 91' lang='lat' dir='ltr'>ei</span> <span class='ocrx_word' id='word_1_157' title='bbox 664 3304 770 3383; x_wconf 84' lang='lat' dir='ltr'>magis</span> <span class='ocrx_word' id='word_1_158' title='bbox 794 3299 967 3383; x_wconf 90' lang='lat' dir='ltr'>placuisse</span> <span class='ocrx_word' id='word_1_159' title='bbox 992 3298 1080 3383; x_wconf 86' lang='lat'><strong>(25).</strong></span> 
     </span>
    </p>
   </div>
   <div class='ocr_carea' id='block_1_5' title="bbox 279 3593 1329 3999">
    <p class='ocr_par' dir='ltr' id='par_1_5' title="bbox 312 3593 1051 3662">
     <span class='ocr_line' id='line_1_27' title="bbox 312 3593 1051 3662; baseline -0.001 -13"><span class='ocrx_word' id='word_1_160' title='bbox 312 3594 369 3662; x_wconf 87' lang='grc'>(23)</span> <span class='ocrx_word' id='word_1_161' title='bbox 388 3595 564 3649; x_wconf 80' lang='lat' dir='ltr'>Lactantium</span> <span class='ocrx_word' id='word_1_162' title='bbox 583 3604 701 3649; x_wconf 90' lang='lat' dir='ltr'>secutus</span> <span class='ocrx_word' id='word_1_163' title='bbox 721 3604 766 3649; x_wconf 88' lang='lat' dir='ltr'>est</span> <span class='ocrx_word' id='word_1_164' title='bbox 783 3593 872 3662; x_wconf 86' lang='lat' dir='ltr'>Myth.</span> <span class='ocrx_word' id='word_1_165' title='bbox 892 3594 954 3648; x_wconf 93' lang='lat' dir='ltr'>Vat.</span> <span class='ocrx_word' id='word_1_166' title='bbox 972 3595 990 3648; x_wconf 95' lang='lat' dir='ltr'>l.</span> <span class='ocrx_word' id='word_1_167' title='bbox 1013 3596 1051 3649; x_wconf 90' lang='lat'>17.</span> 
     </span>
    </p>

    <p class='ocr_par' dir='ltr' id='par_1_6' title="bbox 279 3678 1328 3830">
     <span class='ocr_line' id='line_1_28' title="bbox 313 3678 1328 3746; baseline 0 -14"><span class='ocrx_word' id='word_1_168' title='bbox 313 3679 369 3746; x_wconf 83' lang='grc'>(24)</span> <span class='ocrx_word' id='word_1_169' title='bbox 386 3679 428 3732; x_wconf 88' lang='lat' dir='ltr'>W.</span> <span class='ocrx_word' id='word_1_170' title='bbox 446 3678 640 3734; x_wconf 81' lang='lat' dir='ltr'>lmmerwahr:</span> <span class='ocrx_word' id='word_1_171' title='bbox 660 3679 706 3732; x_wconf 91' lang='lat' dir='ltr'>die</span> <span class='ocrx_word' id='word_1_172' title='bbox 725 3678 812 3732; x_wconf 87' lang='lat' dir='ltr'>Kulte</span> <span class='ocrx_word' id='word_1_173' title='bbox 830 3679 888 3732; x_wconf 93' lang='lat' dir='ltr'>und</span> <span class='ocrx_word' id='word_1_174' title='bbox 906 3678 1025 3746; x_wconf 88' lang='lat' dir='ltr'>Mythen</span> <span class='ocrx_word' id='word_1_175' title='bbox 1044 3678 1211 3732; x_wconf 79' lang='lat' dir='ltr'>Ariadiens.</span> <span class='ocrx_word' id='word_1_176' title='bbox 1238 3679 1255 3732; x_wconf 91' lang='lat' dir='ltr'>l.</span> <span class='ocrx_word' id='word_1_177' title='bbox 1277 3679 1328 3732; x_wconf 91' lang='lat' dir='ltr'>Bd.</span> 
     </span>
     <span class='ocr_line' id='line_1_29' title="bbox 279 3762 1034 3830; baseline 0.001 -14"><span class='ocrx_word' id='word_1_178' title='bbox 279 3763 325 3816; x_wconf 89' lang='lat' dir='ltr'>die</span> <span class='ocrx_word' id='word_1_179' title='bbox 343 3764 531 3817; x_wconf 83' lang='lat' dir='ltr'>arladischen</span> <span class='ocrx_word' id='word_1_180' title='bbox 551 3763 645 3817; x_wconf 86' lang='lat' dir='ltr'>Kulte.</span> <span class='ocrx_word' id='word_1_181' title='bbox 674 3762 783 3817; x_wconf 87' lang='lat' dir='ltr'>Teubn.</span> <span class='ocrx_word' id='word_1_182' title='bbox 805 3762 870 3815; x_wconf 84' lang='grc'>1891</span> <span class='ocrx_word' id='word_1_183' title='bbox 898 3777 924 3830; x_wconf 92' lang='lat' dir='ltr'>p.</span> <span class='ocrx_word' id='word_1_184' title='bbox 946 3763 978 3815; x_wconf 82' lang='lat'>14</span> <span class='ocrx_word' id='word_1_185' title='bbox 991 3777 1034 3830; x_wconf 88' lang='lat' dir='ltr'>sq.</span> 
     </span>
    </p>

    <p class='ocr_par' dir='ltr' id='par_1_7' title="bbox 279 3844 1329 3999">
     <span class='ocr_line' id='line_1_30' title="bbox 312 3844 1329 3914; baseline 0 -14"><span class='ocrx_word' id='word_1_186' title='bbox 312 3845 369 3912; x_wconf 85' lang='grc'>(25)</span> <span class='ocrx_word' id='word_1_187' title='bbox 388 3848 405 3900; x_wconf 94' lang='lat' dir='ltr'>l.</span> <span class='ocrx_word' id='word_1_188' title='bbox 425 3847 443 3899; x_wconf 90' lang='lat' dir='ltr'>l.</span> <span class='ocrx_word' id='word_1_189' title='bbox 460 3860 486 3914; x_wconf 92' lang='lat' dir='ltr'>p.</span> <span class='ocrx_word' id='word_1_190' title='bbox 502 3847 545 3898; x_wconf 83' lang='lat'>15:</span> <span class='ocrx_word' id='word_1_191' title='bbox 569 3848 632 3901; x_wconf 88' lang='lat' dir='ltr'>dies</span> <span class='ocrx_word' id='word_1_192' title='bbox 650 3847 715 3901; x_wconf 87' lang='lat' dir='ltr'>sind</span> <span class='ocrx_word' id='word_1_193' title='bbox 734 3847 773 3900; x_wconf 91' lang='lat' dir='ltr'>im</span> <span class='ocrx_word' id='word_1_194' title='bbox 792 3844 925 3900; x_wconf 88' lang='lat' dir='ltr'>Grossen</span> <span class='ocrx_word' id='word_1_195' title='bbox 943 3848 1001 3900; x_wconf 93' lang='lat' dir='ltr'>und</span> <span class='ocrx_word' id='word_1_196' title='bbox 1022 3845 1142 3901; x_wconf 86' lang='lat' dir='ltr'>Ganzen</span> <span class='ocrx_word' id='word_1_197' title='bbox 1162 3847 1207 3900; x_wconf 90' lang='lat' dir='ltr'>die</span> <span class='ocrx_word' id='word_1_198' title='bbox 1225 3847 1329 3900; x_wconf 88' lang='lat' dir='ltr'>beiden</span> 
     </span>
     <span class='ocr_line' id='line_1_31' title="bbox 279 3929 737 3999; baseline 0.004 -17"><span class='ocrx_word' id='word_1_199' title='bbox 279 3930 524 3999; x_wconf 76' lang='lat' dir='ltr'>Houpiyraappen</span> <span class='ocrx_word' id='word_1_200' title='bbox 542 3931 594 3984; x_wconf 88' lang='lat' dir='ltr'>des</span> <span class='ocrx_word' id='word_1_201' title='bbox 612 3929 737 3999; x_wconf 84' lang='lat' dir='ltr'>Mythos.</span> 
     </span>
    </p>
   </div>
   <div class='ocr_carea' id='block_1_6' title="bbox 0 0 1486 4538">
    <p class='ocr_par' dir='ltr' id='par_1_8' title="bbox 0 0 1486 4538">
     <span class='ocr_line' id='line_1_32' title="bbox 0 0 1486 4538; baseline 0 1"><span class='ocrx_word' id='word_1_202' title='bbox 0 0 1486 4538; x_wconf 95' lang='lat' dir='ltr'> </span> 
     </span>
    </p>
   </div>
  </div>
 </body>
</html>
