2962 4538
672 346 791 455 (tt)

212 516 358 585 allicitur
390 534 478 583 voce
512 536 600 599 quae
635 532 687 585 est
719 520 838 584 domus
872 536 940 584 non
965 518 1136 601 designari
1159 518 1269 586 aedes

212 646 299 710 quae
323 629 487 693 incensae
511 624 656 710 fuerant,
689 628 863 712 siquidem
886 628 1070 694 universae
1094 630 1271 710 nequitiae

212 753 281 801 non
316 733 481 817 aedilicia,
515 736 580 802 sed
613 735 773 804 homines
807 754 939 820 poenas
967 736 1050 803 dare
1073 735 1271 820 oportebat.

211 844 338 910 idcirca
376 843 460 910 mihi
498 843 678 928 probabile
715 846 854 913 videtur
896 844 1025 912 lontem
1064 842 1173 912 Ovidi
1209 846 1271 912 vel

211 954 326 1036 ipsum
360 966 498 1036 poetam
532 954 650 1021 dicere
685 953 882 1037 neglexisse
916 955 1011 1039 quod
1034 953 1153 1021 debuit
1175 952 1272 1021 filios

212 1059 374 1128 facinoris
409 1064 571 1129 conscios
605 1060 724 1130 luisse.
770 1065 825 1130 cui
852 1065 1043 1131 sententiae
1066 1062 1158 1129 aliud
1181 1080 1272 1145 quo·

210 1188 279 1253 que
302 1183 542 1253 argumentum
565 1171 769 1255 opitulatur:

253 1295 322 1344 non
356 1296 421 1345 suo
456 1278 568 1346 Marte
602 1279 770 1346 diluvium
806 1299 884 1348 cum
919 1282 1057 1347 interitu
1094 1277 1270 1363 Lycaonis

212 1388 392 1453 coniunxit
425 1400 537 1470 poeta.
582 1406 659 1454 nam
694 1389 787 1455 idem
821 1407 933 1456 nexus
967 1389 1142 1455 invenitur
1174 1389 1270 1471 apud

212 1494 494 1578 mythographus.

253 1602 333 1670 bibl.
366 1602 480 1687 Apoll.
519 1602 571 1670 111.
604 1609 663 1671 99.
703 1611 868 1688 Νυκτίμου
908 1603 969 1689 (nli
1003 1603 1176 1688 Lycaonis
1211 1608 1270 1670 cui

211 1712 277 1780 soli
311 1727 517 1797 pepercerat
546 1713 715 1799 Iuppiter)
746 1715 782 1779 δὲ
812 1712 871 1799 υὴυ
906 1715 1075 1797 βασιλείαν
1111 1713 1268 1798 παραλυ-

209 1820 327 1904 βόντος
360 1821 377 1887 ὁ
411 1823 468 1888 ἐπὶ
495 1823 716 1901 Δευκαλίωνος
737 1821 961 1908 κατακλυσμός
988 1824 1127 1904 ἐγένετο·
1150 1820 1270 1888 τοῦτον

210 1930 291 1995 ἔνιοι
323 1927 378 1996 διὰ
408 1928 467 2015 τὴν
499 1929 568 1997 τῶν
588 1929 759 2009 Λυκάονος
790 1933 920 1999 παίδων
951 1933 1141 2014 δυσσέβειαν
1173 1935 1271 1998 εἶπον

210 2041 417 2122 γεγενῆσθαι.

255 2147 348 2214 idem
394 2160 537 2214 testatur
579 2147 724 2216 Servius
758 2147 837 2231 (33)
883 2167 947 2215 nec
991 2162 1105 2215 tamen
1150 2151 1264 2233 ipsum

214 2252 386 2322 Ovidium
430 2257 597 2338 sequitur.
655 2257 738 2324 dicit
774 2259 866 2324 enim
911 2256 1028 2324 Iovem
1070 2256 1269 2341 Lycaonem

213 2363 356 2431 lulmine
379 2367 586 2448 peremisse,
608 2368 666 2449 qui
690 2366 782 2450 apud
806 2365 901 2433 illum
925 2366 1029 2450 lupus
1053 2365 1098 2433 fit.

256 2473 377 2541 eadem
437 2474 588 2558 denique
647 2473 790 2558 praebet
843 2474 1120 2560 Mytbographus
1174 2474 1268 2542 Vati·

212 2600 318 2649 canus
342 2581 354 2647 Ι
378 2581 456 2666 (34)
491 2602 595 2666 quem
629 2602 672 2651 ne
704 2586 819 2668 ipsum
842 2586 983 2668 quidem
1008 2581 1115 2651 Ovidi
1139 2586 1265 2652 scrinia

212 2689 386 2774 expilasse
410 2688 523 2757 efficio
558 2710 603 2759 ex
626 2693 669 2759 iis
692 2711 781 2776 quae
809 2694 917 2761 addit:
959 2693 1129 2777 „primum
1153 2707 1266 2760 autem

212 2798 380 2865 diluvium
414 2797 480 2865 sub
504 2796 630 2884 Ogyge
664 2818 745 2885 rege
767 2800 1015 2872 Thebanorum
1043 2806 1163 2885 extitit,
1197 2819 1267 2868 non

211 2907 276 2975 sub
311 2908 471 2991 Saturno,
506 2911 700 2977 secundum
734 2910 800 2978 sub
823 2911 917 2994 Iove,
950 2911 1045 2993 quod
1073 2924 1106 2976 et
1131 2909 1268 2973 Deuca-

211 3015 315 3085 lionis
360 3019 514 3086 dicitur.“
581 3020 668 3088 haec
712 3022 804 3088 enim
838 3022 914 3085 sine
948 3014 1185 3083 controversia
1223 3013 1265 3076 ad

211 3129 469 3210 grammaticum
493 3129 675 3211 pertinent.

254 3234 419 3302 credibile
443 3237 545 3318 igitur
578 3247 632 3301 est
654 3232 786 3300 fabulas
809 3231 853 3297 de
876 3229 1038 3313 Lycaone
1073 3243 1106 3296 et
1129 3229 1266 3296 Deuca-

212 3342 305 3409 lione
343 3342 500 3408 diversas
536 3342 668 3422 origine
707 3353 740 3407 et
773 3341 881 3423 patria
918 3351 1055 3422 poetam
1093 3339 1266 3424 quendam

212 3449 294 3516 olim
332 3448 517 3533 copulasse
562 3466 713 3532 eumque
751 3449 903 3532 dignum,
948 3449 1046 3515 cuius
1089 3450 1267 3515 inventum

213 3557 455 3641 mythographi
472 3558 669 3640 reciperent
694 3557 751 3625 vel
774 3558 895 3625 saltem
912 3559 1139 3641 respicerent.
1173 3559 1268 3641 quis·

272 3728 431 3734 --.-.---
613 3728 1139 3736 --—-—.—-——-—----.-——--.....
1148 3724 1249 3734 ..ω-ι’-

246 3823 303 3889 (33)
323 3825 357 3876 ad
377 3823 462 3891 Verg.
480 3823 537 3876 Ecl.
556 3824 600 3877 Vl.
618 3825 663 3877 41.

246 3905 301 3973 (34)
323 3907 374 3960 189
394 3906 551 3961 Deucalion
571 3915 599 3961 et
618 3907 734 3976 Pyrrha.
