2978 4546
762 340 882 448 (ol)

342 513 452 596 lallor,
474 533 516 580 an
540 531 609 581 non
634 512 735 596 plane
758 511 823 578 sibi
847 525 979 578 constat
995 509 1219 580 Knaackius?
1249 533 1353 598 quem

300 623 406 690 modo
441 621 657 688 laudavimus
692 632 892 687 censentem
924 617 1093 687 Ovidium
1127 639 1198 689 non
1228 623 1354 706 legisse

299 732 513 815 Euripidem,
545 730 609 797 sed
632 743 810 813 syntagma
833 728 1021 812 quoddam,
1054 730 1097 796 ad
1130 731 1226 814 quod
1252 731 1355 815 perli-

300 841 462 909 ciendum
486 852 519 906 et
535 838 720 922 Euripides
744 851 777 904 et
793 851 895 921 poeta
911 835 1170 906 Alexandrinus
1186 843 1354 924 assumpti

300 963 428 1018 essent.
473 951 586 1031 itaque
622 966 665 1014 cx
698 949 776 1030 ipso
800 944 977 1014 Knaaclio
1011 951 1179 1016 sententia
1203 948 1355 1017 Knaacki

300 1073 443 1127 eatenus
461 1057 677 1124 emendanda
702 1070 754 1122 est
777 1071 813 1123 ut
829 1073 917 1138 quae
934 1055 978 1122 de
995 1053 1128 1125 Ovidio
1145 1061 1256 1142 regias
1276 1076 1355 1142 per·

301 1172 469 1236 miscente
492 1167 665 1247 dicuntur,
689 1166 732 1232 de
756 1164 1010 1249 mythographo
1035 1168 1100 1233 isto
1125 1168 1241 1250 ignoto
1266 1168 1354 1235 dicta

300 1278 502 1360 oportuerit.
547 1275 610 1341 sed
645 1274 712 1341 hoc
746 1277 930 1341 mittamus,
974 1273 1076 1342 nobis
1107 1289 1177 1343 tum
1213 1277 1353 1344 demum

300 1384 476 1453 Knaackio
511 1383 687 1468 astipulari
715 1382 846 1466 liceret,
878 1386 907 1449 si
942 1397 1038 1451 certo
1071 1398 1245 1452 constaret
1267 1383 1354 1452 Ovi·

300 1496 395 1562 dium
411 1493 518 1561 verba
536 1511 624 1576 quae
640 1507 720 1559 sunt
736 1493 866 1557 adelino
888 1493 994 1557 limile
1017 1511 1036 1560 e
1052 1491 1146 1560 fonte
1161 1511 1226 1559 suo
1243 1507 1352 1559 trans-

299 1603 430 1671 tulisse.
476 1605 530 1670 cui
554 1604 746 1686 suspicioni
770 1600 885 1668 nullus
902 1600 1001 1669 loeus
1024 1614 1087 1685 est,
1109 1620 1187 1668 nam
1211 1619 1353 1684 semper

299 1726 423 1797 poetae
447 1712 544 1779 cordi
578 1709 641 1777 luit
663 1713 846 1778 minutiora
881 1710 1064 1794 diligenter
1086 1707 1282 1793 effingendo
1306 1724 1354 1776 at-

299 1842 367 1906 que
381 1821 609 1904 excogitando
627 1819 733 1888 rebus
749 1838 835 1903 quas
851 1819 916 1887 sub
934 1819 1057 1887 oculos
1069 1819 1245 1887 subiceret
1256 1822 1354 1903 quasi

300 1933 467 1998 maiorem
503 1928 607 1997 fidem
642 1929 839 1996 conciliare.
884 1948 998 2012 neque
1027 1928 1205 1997 Vulcanus
1239 1927 1353 1996 solum

300 2058 395 2106 mare
418 2040 573 2122 deasque
596 2042 747 2107 marinas
769 2039 880 2107 valvis
904 2038 1146 2122 insculpserat,
1168 2039 1231 2106 sed
1254 2056 1354 2122 prae·

301 2163 394 2214 terea
418 2146 551 2214 caelum
577 2146 698 2214 orbem
723 2161 893 2214 terrarum
918 2145 1023 2214 urbes
1046 2146 1152 2214 silvas
1176 2145 1267 2214 ieras
1290 2144 1354 2212 flu·

300 2258 389 2322 mina
417 2255 590 2338 nymphas
613 2258 753 2323 numina
777 2258 868 2324 ruris
902 2258 997 2340 signa
1020 2257 1163 2323 zodiaci.
1208 2274 1278 2322 non
1302 2270 1354 2322 est

299 2366 400 2448 igitur
434 2383 497 2430 cur
530 2364 635 2432 aedes
669 2368 818 2433 marinas
849 2384 928 2432 cum
963 2383 1042 2431 arce
1066 2362 1158 2432 Solis
1192 2366 1225 2430 in
1249 2383 1352 2431 unam

299 2476 426 2557 regiam
451 2472 623 2540 coaluisse
647 2492 802 2541 censeas.

341 2623 479 2675 transeo
508 2607 551 2674 ad
574 2608 845 2691 descriptionem
877 2607 974 2674 aulae
1005 2605 1148 2674 Phoebi.
1199 2605 1351 2673 Knaacki

301 2715 403 2799 (113)
428 2718 597 2783 sententia
620 2735 686 2799 qua
710 2714 880 2783 Ovidium
904 2733 1145 2800 quaecumque
1179 2715 1223 2781 de
1250 2728 1351 2782 coetu

299 2825 477 2892 Horarum
513 2823 626 2907 haber,
659 2829 791 2892 auctori
824 2825 1062 2893 Alexandrino
1096 2821 1226 2891 debere
1261 2824 1352 2905 dicit,

298 2936 462 3001 universe
495 2935 635 3017 quidem
670 2933 810 3017 probari
844 2947 969 3018 potest,
1003 2952 1082 3000 cum
1106 2931 1351 2999 Alexandrinis

299 3043 416 3110 talium
460 3062 576 3110 rerum
618 3046 838 3111 inventiones
880 3042 1118 3127 perplacuisse
1159 3042 1351 3108 videamus.

298 3154 403 3220 modo
428 3172 471 3220 ne
495 3155 685 3237 cogitemus
720 3153 763 3219 de
787 3164 882 3219 certo
905 3165 1047 3218 auctore
1071 3169 1174 3236 quem
1198 3148 1350 3217 Ovidius

298 3261 364 3328 hoc
388 3261 466 3328 loco
490 3263 639 3329 imitatus
663 3264 715 3327 sit.

339 3396 578 3462 iusiurandum
602 3392 694 3462 Solis
712 3391 826 3476 (114),
850 3412 922 3477 quo
943 3412 981 3461 se
998 3394 1178 3477 obstringit
1200 3393 1350 3477 quodvis

298 3522 424 3569 munus
448 3500 518 3569 filio
542 3522 581 3569 se
604 3503 763 3569 daturum
788 3521 878 3584 esse,
902 3502 1051 3569 alienum
1078 3516 1129 3569 est
1155 3521 1173 3568 a
1197 3503 1351 3568 carmine

330 3811 405 3876 (113)
424 3812 440 3863 l.
460 3812 476 3864 l.
498 3826 524 3877 p.
542 3813 588 3865 29.

331 3914 406 3980 (114)
425 3914 538 3967 Metam.
558 3912 586 3966 11.
604 3913 648 3965 45.
