2978 4546
754 343 872 450 (tt)

333 517 451 598 incipit
474 513 604 581 iontem
632 527 773 581 secutus
799 512 893 596 (71):
930 514 1011 601 paul
1044 512 1079 576 dl
1108 509 1267 596 Ἀρκάδες
1298 510 1343 587 ὡς

291 621 460 705 Πελασγός
492 626 616 704 γένοιτο
648 623 684 688 ἐν
709 625 747 714 τῇ
767 620 806 714 γῇ
827 618 926 714 ταύτῃ
951 618 1091 705 πρῶτος.
1135 621 1245 703 pergit
1268 621 1343 702 ipse

292 731 467 816 nugandoz
504 727 589 806 εῑιιός
620 731 656 795 δὲ
686 730 749 813 ἔχει
771 727 949 812 τοῦλόγου
980 730 1034 794 ιιαὶ
1057 728 1173 804 ἄλλους
1194 725 1279 811 ὁμοῦ
1299 725 1344 816 τῷ

291 841 448 929 Πελασγῷ
476 840 556 925 μηδὲ
582 836 686 906 αὐτὸν
707 836 881 921 Πελασγὸν
905 841 1062 920 γενέσθαι
1086 835 1204 921 μόνον·
1238 842 1344 903 ποίοιν

291 948 352 1034 γὰρ
373 946 415 1015 ἂν
432 950 489 1014 ιιαὶ
512 947 603 1036 ἦρχεν
624 946 642 1013 o‘
660 945 830 1029 Πελασγός
852 944 1045 1032 ἀνθρώπων
1050 976 1062 1028 ‚·
1081 949 1214 1029 μεγέθει
1234 949 1345 1028 μέντοι

290 1060 343 1122 καὶ
376 1055 458 1121 κατὰ
490 1053 591 1141 ἇλιιὴν
622 1060 676 1120 καὶ
710 1054 825 1133 κάλλος
857 1066 1007 1144 προεῖχεν
1039 1053 1056 1120 ὁ
1090 1051 1259 1136 Πελασγὸς
1290 1058 1343 1119 καὶ

291 1164 422 1252 γνώμην
443 1163 525 1253 ὑπὲρ
545 1162 618 1242 τοὺς
639 1165 757 1242 ἄλλους
778 1163 891 1248 ἦνκαὶ
912 1160 1036 1230 τούτων
1057 1168 1150 1230 ἕνεκα
1171 1160 1344 1251 αἱρεθῆναί

291 1300 346 1358 μοι
368 1275 456 1340 δοκεῖ
474 1271 657 1356 βασιλεύειν
679 1271 737 1340 ὕπ’
763 1271 884 1341 αὐτοῖν.

335 1383 462 1451 deinde
496 1383 585 1451 redit
618 1383 661 1450 ad
696 1381 841 1450 lontem:
878 1388 1056 1467 πεποίηται
1087 1382 1123 1446 δὲ
1153 1384 1207 1446 καὶ
1236 1379 1345 1468 Ἀσίῳ

291 1491 400 1558 τοιάδε
421 1493 453 1569 ἐς
474 1489 589 1558 αὐτόν·

369 1598 527 1668 ἀντίθεον
559 1601 594 1665 δὲ
626 1599 801 1681 Πελασγὸν
837 1601 872 1666 ἒν
908 1597 1121 1691 ὑψικόμοισιν
1157 1598 1266 1684 ὄρεσσι

369 1721 447 1792 γαΐα
467 1706 593 1793 μέλαιν’
619 1706 792 1787 ἀνέδωκεν,
814 1717 869 1775 ἵνα
892 1711 1028 1795 θνητῶν
1048 1713 1139 1791 γένος
1161 1712 1218 1792 εἴη.

335 1821 479 1902 quaesi
510 1838 589 1887 cum
620 1802 796 1904 prioribus
830 1820 1065 1902 coniunxeris‚
1099 1830 1170 1884 tum
1204 1816 1344 1883 demum

294 1929 472 2013 intelleges
489 1928 572 2012 quid
588 1927 654 1996 sibi
676 1927 785 1995 velint
798 1927 906 1995 verba
929 1940 1052 2010 poetae
1075 1925 1182 1993 allata.
1215 1924 1345 1992 scilicet

293 2037 379 2104 haec
412 2036 533 2105 subest
565 2039 748 2104 sententia:
788 2036 906 2103 dicunt
938 2035 1094 2102 Arcades
1128 2033 1344 2101 conditorem

294 2146 434 2213 humani
457 2148 595 2229 generis
618 2145 800 2229 Pelasgum
828 2147 861 2211 in
889 2163 951 2211 sua
978 2145 1100 2228 patria,
1127 2161 1197 2210 non
1224 2144 1258 2209 in
1281 2141 1346 2209 Ar-

293 2252 423 2338 golide,
457 2268 492 2319 ut
524 2253 628 2338 vulgo
663 2253 819 2336 credunt,
853 2266 968 2320 natum
1003 2271 1093 2320 esse.
1137 2250 1345 2335 quibuscum

295 2364 465 2429 consentit
501 2361 608 2428 Asius
646 2376 746 2445 poeta
784 2364 842 2444 qui
880 2359 1057 2428 Tellurem
1091 2359 1274 2443 Pelasgum
1312 2361 1345 2425 in

296 2469 470 2537 montibus
493 2473 676 2555 peperisse
699 2473 838 2552 cecinit,
865 2483 900 2536 ut
927 2487 1036 2554 genus
1060 2470 1240 2536 hominum
1265 2486 1344 2534 con·

295 2579 446 2647 deretur.

337 2686 464 2754 deinde
487 2686 621 2770 Pelasgi
645 2689 793 2754 inventis
818 2690 1027 2754 enumeratis
1055 2689 1172 2753 transit
1196 2688 1347 2770 scriptor

295 2797 337 2863 ad
371 2794 477 2862 lilium
513 2798 588 2863 eius
611 2795 809 2879 Lycaonem
844 2814 947 2879 quem
982 2797 1043 2861 tria
1067 2797 1244 2861 invenisse
1268 2811 1346 2876 per-

295 2904 403 2972 hibet:

337 3016 484 3099 primam
518 3012 613 3080 illum
641 3012 763 3080 urbem
791 3012 992 3079 condidisse
1019 3010 1250 3094 Lycosuram,
1279 3013 1349 3093 pri-

296 3143 391 3190 mum
411 3123 529 3190 Iovem
550 3139 771 3204 nuncupasse
787 3120 962 3205 Lycaeum
980 3118 1069 3203 (72),
1093 3121 1226 3202 primos
1246 3118 1349 3186 ludos

296 3234 486 3300 instituisse
513 3230 658 3314 Lycaea.
702 3233 736 3298 in
769 3229 997 3314 sequentibus
1030 3243 1144 3297 autem
1178 3233 1348 3297 sentimus

296 3341 500 3408 Pausaniam
524 3340 703 3422 exemplar
724 3359 827 3407 suum
850 3338 938 3406 adeo
962 3340 1177 3406 contraxisse
1205 3352 1240 3405 ut
1263 3356 1349 3405 non·

297 3451 362 3516 nisi
386 3462 501 3516 mente
529 3447 698 3532 suppletis
722 3447 896 3516 nonnullis
923 3447 991 3514 loci
1018 3466 1162 3516 sensum
1185 3466 1348 3531 assequa-

330 3730 387 3799 (οι)
405 3731 473 3786 v111.
496 3732 519 3785 r.
535 3732 561 3784 4.

331 3823 388 3892 (72)
407 3823 444 3878 cl.
462 3824 554 3880 schol.
572 3825 607 3878 ad
626 3825 691 3879 Eur.
709 3824 759 3879 Or.
780 3824 850 3878 1646
932 3823 1061 3890 λακᾶονα,
1079 3821 1110 3882 ὃς
1126 3842 1153 3876 ιο
1171 3824 1215 3876 aad
1232 3827 1347 3877 Auxalov

298 3909 361 3967 Διὸς
380 3908 453 3981 ἱερὸν
470 3909 554 3962 clamo
572 3910 601 3962 ἔν
618 3911 764 3982 Παρρασίᾳ.
782 3935 815 3945 -·
833 3909 917 3963 allier
933 3909 1066 3976 Hyginus
1085 3905 1141 3962 lab.
1158 3906 1221 3962 225.
