2978 4546
689 340 807 447 (23)

228 516 306 598 quis
330 526 443 580 autern
467 510 529 578 fuit
552 515 610 596 qui
634 512 836 579 huiusmodi
860 530 973 578 nexus
1008 525 1127 578 auctor
1161 513 1281 593 extitit,

228 621 384 706 profecto
409 623 511 688 etiarn
545 620 634 688 filios
658 621 793 688 scelere
816 624 968 688 onerarit
1002 640 1071 704 quo
1095 623 1281 703 nequitiam

226 729 335 798 fuisse
359 733 560 797 universam
584 730 794 798 ostenderet.

267 853 358 906 extat
381 853 495 908 tamen
519 841 611 924 apud
634 838 840 906 Pausaniam
865 837 944 922 (35)
980 840 1119 906 diversa
1146 838 1281 906 fabulae

225 946 343 1031 figura,
366 947 770 1031 quamWeissaeckerus
788 946 866 1030 (36)
891 961 1085 1016 ceterarum
1101 962 1280 1032 parentem

226 1075 305 1123 esse
330 1059 511 1124 existimat.
556 1076 644 1141 quae
678 1059 707 1124 si
732 1057 860 1124 nullius
884 1058 950 1123 nisi
973 1055 1164 1124 Pausaniae
1188 1058 1282 1123 testi-

225 1167 343 1230 monio
367 1167 544 1247 niteretur,
567 1168 661 1231 ontni
678 1168 878 1232 auctoritate
902 1178 1045 1232 careret.
1088 1183 1223 1246 verum,
1246 1163 1281 1229 id

226 1274 321 1357 quod
345 1273 468 1357 procul
492 1272 598 1340 dubio
615 1273 902 1341 Weissaeckerus
926 1277 1100 1358 cognitum
1124 1272 1280 1356 habebat,

223 1382 407 1449 exordium
430 1380 621 1451 Pausaniae
645 1382 721 1450 libri
743 1381 819 1449 VIII
843 1385 993 1450 manavit
1026 1402 1045 1450 e
1079 1382 1173 1449 fonte
1197 1383 1279 1449 satis

222 1493 362 1575 antiquo
386 1505 418 1559 et
441 1494 583 1559 minime
599 1490 811 1576 spernendo.
856 1510 924 1574 qua
947 1493 991 1560 de
1014 1511 1053 1559 re
1077 1510 1156 1558 curn
1173 1508 1277 1559 nemo

222 1601 316 1682 quod
353 1603 459 1668 sciant
497 1603 690 1668 accuratius
728 1603 845 1684 egerit,
890 1603 966 1684 ipse
1010 1614 1176 1686 quantum
1214 1619 1277 1667 ne·

223 1710 414 1775 cessarium
439 1728 519 1776 esse
541 1707 717 1775 videbitur
739 1709 917 1792 disputare
941 1707 1095 1775 conabor
1118 1707 1209 1791 (37).

264 1815 454 1884 Pausaniae
477 1816 565 1884 liber
585 1815 661 1883 VIII
684 1818 803 1900 incipit
826 1819 925 1900 quasi
949 1819 1140 1900 scriptura
1163 1815 1277 1900 Tegea

223 1937 256 1990 et
276 1924 450 1993 Mantinea
474 1927 586 1992 statim
609 1927 806 2009 periegesin
830 1925 1000 1992 ordiatur:

258 2029 418 2120 Ἀρκάδων
439 2034 475 2099 δὲ
496 2032 537 2098 τὰ
558 2032 643 2118 πρὸς
663 2031 718 2117 τῆς
735 2031 878 2117 Ἀργείας
901 2036 1060 2112 Τεγεᾶται
1085 2033 1193 2116 ἔχουσι
1222 2036 1276 2099 κα)

221 2149 403 2218 Μαντινεῖς
425 2141 515 2225 (38).

262 2252 390 2319 deinde
423 2255 477 2319 via
511 2271 613 2336 quarn
649 2252 768 2318 modo‘
789 2255 926 2320 munire
960 2265 1124 2335 coeperat
1157 2251 1274 2318 relicta

218 2372 362 2443 repente
396 2361 592 2444 aggreditur
621 2361 664 2428 ad
695 2362 879 2428 exordium
913 2345 1017 2445 quod
1042 2361 1207 2427 dividitur
1240 2362 1273 2426 in

218 2483 332 2551 partes
376 2482 462 2552 tres,
503 2488 650 2553 quarum
696 2472 807 2553 prima
842 2468 919 2552 (39)
959 2468 1166 2536 brevissime
1209 2471 1275 2552 agit

219 2575 263 2643 de
299 2579 366 2643 situ
390 2576 571 2660 Arcaditte,
607 2577 714 2646 altera
737 2576 815 2661 (40)
840 2580 1019 2662 copiosior
1044 2592 1204 2646 versatur
1240 2580 1274 2644 in

219 2682 362 2750 historia
396 2683 540 2751 fabulari
563 2684 731 2752 ArcadIca
761 2702 952 2771 regumque
976 2688 1174 2770 priscorum
1197 2689 1274 2754 stir-

250 2997 307 3067 (36)
326 3000 380 3052 Iex.
407 2999 525 3066 mythol.
552 2998 691 3053 Roscher.
721 3015 745 3053 s.
769 3015 795 3054 v.
819 3001 951 3068 Lykaon:
987 3002 1034 3055 die
1061 3002 1275 3072 Vergleichung

215 3083 312 3136 dieser
329 3083 482 3150 Wendung
508 3082 559 3150 (sc.
578 3083 867 3151 mytbographorum)
896 3086 948 3138 mit
974 3086 1027 3139 der
1052 3087 1097 3138 bei
1117 3086 1273 3139 Pausanias

216 3168 291 3220 kann
319 3168 403 3221 kaurn
432 3169 518 3221 einen
542 3166 663 3220 zweitet
690 3168 774 3236 dbrig
800 3170 908 3236 lassen,
934 3170 1003 3223 dass
1030 3170 1126 3223 dieser
1152 3170 1203 3222 der
1229 3185 1273 3223 ur·

217 3250 425 3318 spritnglichen
455 3251 571 3305 Gestalt
606 3252 697 3305 nabet
732 3254 842 3307 kommr
874 3254 933 3306 und
963 3254 1031 3307 dass
1059 3252 1126 3319 jene
1154 3252 1272 3307 Weiter·

215 3334 372 3401 bildungen
391 3336 450 3389 und
467 3335 737 3405 Uebertreibungen
756 3337 862 3391 bieten.

248 3416 306 3483 (37)
326 3419 381 3471 iarn
396 3418 596 3473 Kalkmannus
616 3419 786 3486 (Pausanias
804 3421 855 3475 der
873 3421 1005 3489 Perieget
1023 3436 1048 3488 p.
1060 3419 1127 3487 266)
1145 3423 1271 3476 animad-

212 3503 297 3555 vertit
323 3503 429 3567 stirpes
456 3504 578 3556 heroum
603 3503 700 3558 exurdi
720 3505 737 3558 I.
752 3504 812 3557 VIII
830 3505 986 3559 dissentire
1005 3521 1020 3558 a
1039 3506 1178 3572 stirpibus
1197 3521 1270 3574 quae

214 3585 242 3637 in
261 3587 371 3653 reliqua
390 3594 470 3652 parte
488 3586 552 3639 libri
570 3596 734 3642 occurrunt.

214 3668 400 3803 lafflnvkg.
419 3669 585 3738 Heberdey:
614 3673 661 3725 die
679 3672 786 3726 Reisen
809 3673 861 3726 des
880 3673 1038 3727 Pausanias
1062 3674 1091 3727 in
1111 3673 1269 3727 Griechen·

248 3818 305 3885 (aa)
324 3818 391 3873 vui.
414 3822 435 3874 1.
457 3822 530 3874 r-a.

249 3899 306 3965 (40)
324 3900 392 3955 v111.
413 3902 436 3955 1.
453 3904 530 3956 4-5.
553 3905 594 3957 rs.
