2978 4546
679 386 800 492 tn)

215 576 329 642 neque
363 558 455 641 apud
490 557 597 623 ullum
632 558 923 641 mythographum
958 561 1151 642 reperiatur
1184 571 1218 624 et
1252 578 1271 625 a

215 665 348 733 fabulae
383 666 499 732 indole
534 666 727 735 abhorreat.
772 687 838 752 qua
862 670 905 736 de
929 686 1030 734 causa
1054 681 1167 735 autem
1203 667 1271 736 tale

216 775 298 857 quid
332 775 376 842 de
410 792 475 841 suo
509 777 705 858 inseruerit,
739 777 905 860 quaeris?
950 777 1056 844 credo
1084 790 1120 843 ut
1141 794 1271 843 versus

217 885 259 950 ad
296 882 501 967 Augustum,
540 885 583 952 de
621 884 746 968 quibus
784 903 889 969 supra
928 888 1073 968 egimus,
1110 887 1269 954 inserere

216 1007 345 1075 posset.

258 1114 330 1168 tum
354 1105 382 1168 si
407 1116 607 1186 reputamus
632 1106 861 1187 epitomarum
895 1122 999 1170 omne
1026 1121 1135 1186 genus
1159 1105 1272 1187 scrip·

217 1225 331 1276 torum
365 1212 574 1293 socordiam,
611 1230 668 1278 res
701 1215 883 1296 perexigui
916 1231 959 1280 ne
993 1213 1104 1280 dicam
1140 1211 1270 1279 nullius

218 1322 382 1387 momenti
416 1319 573 1387 habenda
607 1333 669 1402 est,
708 1335 821 1386 utrum
859 1320 951 1403 apud
994 1319 1270 1403 mythographos

216 1442 313 1513 pater
328 1427 468 1510 Lycaon
492 1447 534 1495 an
550 1427 722 1512 Lycaonis
739 1427 798 1495 lilii
815 1428 959 1495 sceleris
976 1443 1136 1496 auctores
1159 1427 1270 1499 luisse

216 1536 378 1604 ferantur.
423 1556 536 1621 neque
559 1538 664 1605 video
688 1557 750 1605 cur
765 1538 918 1605 Maassio
936 1536 1014 1620 (29)
1039 1541 1271 1606 assentiamur

216 1646 346 1730 Hygini
381 1644 529 1712 fabulam
566 1665 604 1724 „e
639 1645 772 1713 duabus
807 1645 987 1714 conflatam
1023 1666 1102 1715 esse
1136 1647 1271 1717 discre-

216 1757 371 1840 pantiis“,
394 1756 678 1840 quandoquidem
695 1757 787 1840 apud
804 1755 983 1840 Hyginum
1007 1755 1072 1823 soli
1096 1755 1269 1839 Lycaonis

214 1862 272 1930 filii
307 1863 424 1932 Iovem
448 1879 624 1950 temptent,
647 1866 820 1950 supplicio
845 1868 946 1934 etiam
970 1880 1067 1950 pater
1092 1863 1268 1933 alliciatur.

215 1972 324 2054 quid?
370 1975 403 2038 in
431 1973 639 2041 bibliotheca
673 1994 788 2042 nonne
822 1989 920 2059 pater
942 1978 1073 2056 insons,
1108 1989 1143 2040 ut
1170 1975 1269 2042 vide-

215 2094 283 2161 tur,
328 2099 395 2146 una
433 2099 511 2147 cum
549 2081 667 2149 liberis
705 2086 820 2167 impiis
859 2085 1050 2166 plectitur?
1105 2083 1264 2167 equidem

216 2190 331 2271 potius
348 2188 556 2256 crediderim
573 2193 778 2272 posterioris
801 2194 876 2257 aevi
901 2192 1171 2276 mythographos
1193 2189 1264 2257 cul-

216 2296 350 2379 pandos
384 2315 463 2363 esse
497 2299 555 2380 qui
590 2295 738 2363 fabulam
773 2300 875 2364 nimis
899 2304 1133 2367 contraxerint
1166 2314 1266 2384 atque

217 2404 460 2472 detruncarint.
504 2407 558 2472 vis
592 2405 792 2488 exemplum
823 2407 1031 2474 consimile?
1068 2412 1267 2491 proximum

216 2512 333 2580 habes.

257 2620 493 2690 Eratosthenis
517 2624 741 2690 catasterismi
765 2622 937 2704 Lycaonis
961 2625 994 2688 in
1018 2623 1138 2707 lupum
1163 2640 1269 2694 meta·

217 2731 421 2814 morphosin
445 2733 617 2797 omittunt:

257 2837 331 2905 Vlll
349 2836 578 2928 Ἀρκτοφίιλαξ.
609 2845 681 2927 περὶ
704 2840 820 2907 τούτου
841 2842 967 2921 λέγεται
981 2841 1033 2907 ὅτι
1050 2839 1159 2927 Ἀρκάς
1179 2845 1268 2907 ἐστιν

215 2949 249 3013 ἐκ
271 2947 467 3026 Καλλιστοῦς
488 2953 541 3015 καὶ
564 2948 648 3028 Διὸς
668 2947 819 3033 γεγονώς,
844 2949 893 3015 ὃν
913 2948 1105 3038 κατακόψας
1125 2947 1267 3012 Λυκάων

215 3058 335 3135 ἐξένισε
356 3056 417 3125 τόν
437 3066 505 3125 Δία
533 3063 697 3146 παραθεὶς
728 3061 783 3124 ἐπὶ
816 3055 989 3144 τράπεζαν·
1026 3053 1112 3120 ὅθεν
1144 3055 1265 3137 ἐκείνην

215 3169 276 3248 μὲν
297 3163 483 3254 ἀνατρέπει,
504 3166 562 3250 τὴν
578 3168 613 3233 δὲ
628 3170 734 3232 οἰκίαν
749 3164 850 3234 αὐτοῦ
864 3176 1013 3247 κεραυνοῖ
1025 3161 1079 3248 vig
1100 3159 1266 3247 ὠμότητος

217 3269 320 3339 αὐτόν
340 3279 529 3357 μυσαχθείς.

259 3381 342 3465 quid
364 3398 450 3447 vero
466 3383 593 3464 scripta
617 3382 898 3468 mythographica
922 3402 1009 3468 quae
1025 3382 1198 3451 Robertus
1223 3401 1266 3449 ex

217 3488 342 3556 eodem
365 3487 459 3556 fonte
482 3507 640 3557 manasse
656 3490 799 3557 docuit?
825 3492 956 3559 scholia
972 3492 1095 3560 Aratea
1118 3491 1265 3558 iabulam

218 3599 387 3663 omittunt.
441 3597 571 3665 scholia
595 3594 797 3666 Germanici
821 3597 885 3663 BP
908 3597 985 3680 (30)
1014 3599 1140 3665 habent
1163 3610 1267 3664 meta-

253 3862 309 3928 (29)
327 3863 384 3915 ind.
404 3865 467 3917 lect.
484 3863 646 3932 Gryphisw.
672 3865 741 3918 1894
766 3880 791 3932 p.
809 3862 877 3916 xv1.

252 3945 309 4013 (³0)
328 3961 353 4013 p.
371 3947 416 4003 64.
437 3950 478 4001 15.
