2978 4546
683 374 802 478 (la)

259 545 473 613 Hesiodeam
518 561 632 613 autem
670 545 948 613 lmmerwahrius
993 546 1074 611 dicit
1117 541 1266 610 fabulam

217 673 319 739 quam
343 658 560 723 concinnavit
582 655 825 722 bibliothecam
841 653 1047 738 Apollodori
1070 652 1149 718 licet
1165 650 1268 716 multa

218 782 296 830 cum
324 763 479 831 libertate
506 764 715 831 subsecutus
740 762 830 846 (26).
875 776 988 829 narrat
1011 763 1102 827 enim
1126 759 1269 843 Apollo-

216 873 325 939 dorus
363 891 477 956 neque
515 871 793 940 Immerwahrius
838 875 871 937 in
915 889 1013 938 suam
1052 868 1267 935 Hesiodeam

217 979 364 1048 labulam
389 984 521 1065 recepit
543 981 686 1049 haecce:

258 1107 376 1175 lovem
400 1106 549 1172 similem
572 1104 667 1187 ἀνδρὶ
692 1103 825 1196 χερνήτῃ
847 1106 1044 1171 advenisse.

258 1233 454 1301 Maenalum
479 1232 640 1300 Fratribus
658 1232 850 1298 minoribus
871 1244 950 1298 natu
973 1229 1064 1295 lovis
1082 1228 1269 1312 temptandi

217 1356 393 1409 auctorem
417 1342 535 1409 luisse.

258 1466 455 1550 Lycaonem
479 1487 546 1533 una
570 1486 648 1533 cum
672 1465 749 1532 liliis
773 1465 915 1532 fulmine
939 1468 1043 1531 ictum
1068 1482 1158 1531 esse.

260 1591 424 1676 Nyctimo
448 1595 591 1660 minimo
617 1607 696 1660 natu
721 1591 862 1659 fratrum
886 1604 1114 1674 temperatum
1138 1608 1227 1657 esse.

259 1718 313 1785 his
338 1721 479 1785 omissis
514 1723 547 1786 in
578 1719 646 1787 line
680 1721 796 1803 posuit
829 1732 937 1784 terras
971 1716 1103 1782 diluvio
1127 1728 1270 1798 propter

184 1880 186 1884 ,
218 1844 282 1892 nec
305 1832 434 1893 tantu'm
458 1842 539 1910 post
561 1831 771 1912 impietatem
788 1824 1065 1909 Lycaonidarum
1089 1823 1268 1890 inundatas

219 1952 310 2016 esse,
333 1953 436 2019 quam
460 1939 661 2020 opinionem
687 1935 900 2015 „nonnullis“
926 1937 945 1999 i.
967 1952 996 1999 e.
1020 1933 1160 1999 diverso
1185 1930 1268 1997 lonti

217 2042 576 2113 mmwfflmw.

251 2325 310 2394 (26)
327 2329 346 2380 1.
364 2330 382 2381 1.
401 2344 426 2396 p.
445 2330 490 2382 14:
520 2329 565 2382 die
585 2328 799 2383 Hesiodeische
815 2329 949 2381 version:
980 2325 1057 2379 Zeus
1075 2326 1186 2379 kommt
1203 2339 1268 2378 zum

162 2414 166 2422 '
217 2411 340 2477 Lykaon.
375 2413 430 2466 Die
456 2412 678 2481 cibermiithigen
704 2412 803 2467 Siihne
831 2411 987 2464 desselben
1015 2409 1119 2463 wollen
1146 2409 1196 2462 il1n
1222 2407 1272 2462 aul

217 2495 263 2548 die
296 2495 388 2550 Probe
423 2499 528 2550 stellen
564 2497 623 2550 und
658 2503 758 2550 setzen
795 2497 854 2548 ihm
891 2495 943 2548 das
961 2493 1073 2547 Fleisch
1109 2493 1191 2546 eines
1226 2505 1273 2559 ge·

216 2580 414 2634 schlachteten
443 2581 564 2634 Knaben
595 2595 661 2634 zum
687 2579 784 2634 Mahle
813 2593 873 2633 vor.
916 2579 994 2632 Zeus
1023 2577 1190 2632 schleudert
1215 2576 1272 2629 den

215 2661 301 2716 Tisch
330 2676 386 2717 von
413 2663 476 2717 sich
503 2693 536 2700 -
564 2663 868 2732 Grundungslegende
897 2664 949 2716 der
975 2661 1164 2716 arladischen
1194 2659 1273 2713 Stadt

217 2743 363 2811 Trapezus
392 2774 425 2782 -
455 2747 600 2814 erschligt
629 2748 674 2800 die
704 2747 818 2801 Frevler
853 2747 905 2799 mit
939 2747 1041 2800 seinen
1071 2745 1184 2798 Blitzen
1213 2744 1272 2798 und

217 2829 290 2880 lisst
308 2828 387 2881 nicht
414 2829 483 2881 elrer
508 2830 590 2894 nach,
616 2829 659 2882 als
686 2830 731 2883 bis
750 2829 795 2882 Ge
821 2830 946 2883 ihn'um
975 2828 1134 2897 Schonung
1159 2828 1272 2881 anfleht.

218 2911 272 2964 Die
299 2911 502 2964 unmittelbare
525 2911 610 2979 Fulge
636 2911 733 2964 dieses
752 2911 869 2964 Frevels
896 2914 933 2965 ist
959 2913 1005 2964 die
1032 2911 1274 2965 Deucalionische

218 2994 289 3048 Flut.

249 3095 343 3163 Apoll.
362 3097 428 3149 bibl.
447 3096 489 3149 lll.
507 3097 543 3150 98
555 3111 598 3164 sq.
628 3097 696 3155 Ζευς
720 3095 749 3148 δὲ
768 3092 856 3148 αὐτῶν
880 3096 931 3162 (sc.
950 3092 1188 3161 Lycaonidarum)
1210 3098 1271 3159 βου·

217 3179 328 3250 λόμενος
345 3177 389 3244 τὴν
407 3176 532 3248 ἀσέβειαν
551 3181 674 3250 πειράσαι
700 3180 832 3238 εἰκασθεὶς
857 3175 937 3252 άνδρὶ
959 3175 1070 3252 χερνήτῃ
1096 3179 1274 3247 παραγίνεται.

218 3264 244 3312 οἱ
262 3262 291 3315 δὲ
310 3260 390 3315 αὐτὸν
407 3264 452 3316 ἐπὶ
469 3265 541 3325 ξένια
558 3265 711 3322 καλέσαντες
728 3264 873 3334 σφάξαντες
890 3263 936 3316 ἕνα
953 3264 1005 3315 τοῖν
1022 3264 1174 3334 ἐπιχωρίων
1190 3260 1275 3313 παῖδα

217 3349 269 3404 τοῖς
295 3347 377 3417 ἱεροῖς
403 3348 432 3399 τά
457 3345 545 3400 τούτου
571 3347 712 3419 σπλάγχνα
738 3350 959 3420 συναναμίξαντες
985 3349 1136 3420 παρέθεσαν
1161 3351 1275 3418 συμβου-

215 3428 354 3488 λεύσαντος
379 3430 424 3483 τοῦ
450 3433 624 3504 πρεσβυτέρου
650 3428 769 3501 άάελφοῢ
795 3432 943 3487 Μαινάλου.
979 3433 1049 3491 Ζευς
1072 3430 1101 3485 δὲ
1126 3430 1275 3503 μυσαχθεὶς

215 3516 263 3580 τὴν
288 3514 339 3586 μὲν
367 3513 495 3586 τράπεζαν
517 3511 674 3586 ἀνέτρεψεν,
701 3519 771 3568 ἔνθα
788 3515 838 3569 νῦν
858 3518 1008 3587 Τραπεζοῦς
1026 3519 1140 3570 καλεῖται
1158 3512 1172 3567 ὁ
1188 3514 1275 3583 τόπος,

217 3598 339 3652 Λυκάονα
356 3598 385 3650 δὲ
404 3599 449 3650 καὶ
466 3600 527 3658 τούς
544 3600 632 3652 τουτου
655 3600 755 3658 παῖδας
781 3599 945 3670 ἐκεραύνωσε
967 3601 1055 3671 χωρὶς
1081 3599 1124 3651 τοῦ
1150 3597 1275 3652 νεωτάτου

220 3685 364 3754 Νυκτίμου
394 3681 522 3750 φθάσασα
547 3684 599 3754 γάρ
618 3681 632 3748 ἦ
650 3685 689 3748 Γῆ
715 3682 760 3734 καὶ
785 3684 830 3748 τῆς
855 3683 944 3745 δεξιάς
970 3684 1013 3736 τοῦ
1031 3680 1092 3742 Aula
1110 3683 1275 3753 ἐφαψαμένη

214 3765 260 3828 τὴν
277 3765 364 3837 ὀργὴν
381 3767 531 3820 κατέπαυσε.
555 3771 691 3837 Νυκτίμου
709 3765 738 3820 δὲ
756 3766 806 3833 τῆν
823 3770 959 3832 βασιλείαν
976 3762 1181 3838 παραλαβόντος
1199 3762 1213 3816 ὁ
1231 3764 1275 3816 ἐπὶ

217 3851 398 3910 Δευκαλίωνος
419 3851 599 3923 κατακλυσμὸς
616 3851 725 3917 ἐγένετο.
751 3851 842 3903 τοῦτον
858 3853 927 3904 ἔνιοι
945 3850 990 3903 διά
1008 3851 1055 3915 τῆν
1072 3850 1124 3902 τῶν
1140 3846 1275 3907 Λυκάονος

217 3930 326 3982 παίδων
342 3932 496 3999 δυσσέβειαν
514 3937 590 3987 εἷπον
607 3934 778 4001 γεγενῆσθαι.
