2978 4546
611 361 731 464 (tl)

410 694 471 761 DE
504 635 686 763 FABULA
719 692 938 761 DAPHNES

192 895 286 979 quod
299 913 404 980 supra
417 897 461 963 de
471 895 633 980 Lycaone
646 898 883 980 quaesivimus
899 908 1013 962 utrum
1023 893 1202 978 vulgarem

150 1002 299 1071 fabulam
333 1023 399 1071 suo
433 1004 595 1072 arbitratu
628 1003 739 1072 fusius
764 1004 935 1073 narrando
968 1003 1109 1070 dilatare
1132 1003 1204 1088 pla-

152 1115 262 1180 cuerit
285 1110 416 1179 Ovidlo
451 1132 493 1180 an
526 1117 642 1199 potius
666 1111 844 1182 Graecum
878 1131 1003 1197 poema
1038 1112 1202 1179 imitando

152 1223 380 1306 expresserit,
424 1222 516 1290 idem
553 1242 645 1290 nunc
682 1222 982 1291 considerabimus
1019 1224 1053 1288 in
1091 1220 1203 1288 fabula

152 1328 319 1414 Daphnes
344 1329 434 1413 (79).
478 1345 566 1399 tanta
600 1334 692 1399 enim
715 1331 771 1399 hic
794 1334 982 1417 praecipue
1014 1344 1067 1398 est
1088 1349 1204 1397 narra-

151 1441 253 1505 tionis
288 1438 426 1507 ubertas
449 1453 485 1506 ut
508 1440 655 1525 plurima
678 1455 779 1526 poeta
803 1443 995 1510 exornandi
1019 1459 1121 1508 causa
1148 1452 1205 1506 aut

152 1549 227 1631 ipse
251 1550 428 1616 invenisse
451 1562 508 1616 aut
529 1549 668 1617 aliunde
692 1551 908 1618 transtulisse
929 1549 1128 1618 censendus
1150 1551 1204 1615 sit.

194 1658 345 1740 primum
379 1660 534 1724 omnium
555 1658 738 1726 videamus
766 1661 955 1726 omninone
989 1657 1056 1724 ulla
1079 1670 1204 1724 attente

152 1763 344 1848 legentibus
367 1784 447 1832 sese
470 1764 617 1833 offerant
630 1769 773 1850 vestigia
796 1786 885 1852 quae
906 1778 1099 1834 monstrent
1121 1783 1205 1850 poe·

153 1884 220 1939 tam
254 1871 309 1940 hic
343 1872 493 1940 alienum
527 1892 617 1959 opus
651 1877 816 1942 imitatum
841 1895 930 1944 esse.
975 1875 1137 1960 equidem
1160 1893 1204 1941 ne

154 1984 397 2049 tenuissimum
431 1983 572 2066 quidem
604 1987 788 2068 vestigium
820 1987 959 2052 invenio
995 1983 1085 2067 (80).
1137 1983 1205 2051 hoc

155 2108 261 2157 unum
285 2091 480 2160 concedere
503 2110 609 2176 queo:
634 2111 821 2161 occurrere
844 2093 1008 2160 nonnulla
1024 2111 1206 2178 argumen-

154 2213 266 2267 torum
291 2219 360 2268 non
384 2201 524 2285 quidem
547 2205 618 2269 vim
640 2222 764 2270 verum
787 2217 900 2272 tamen
924 2206 1078 2287 speciem
1099 2222 1205 2287 quan-

154 2308 232 2377 dam
266 2309 424 2379 habentia
457 2313 569 2396 qualia
603 2311 676 2380 iere
710 2316 744 2379 in
778 2311 1077 2398 disquisitionibus
1101 2312 1204 2379 huius

154 2421 291 2501 generis
329 2421 458 2487 auxilio
491 2424 622 2488 arcessi
663 2422 777 2489 solent
813 2421 854 2489 ab
888 2425 929 2489 iis
964 2424 1112 2489 maxime
1146 2423 1204 2504 qui

155 2545 296 2610 semper
318 2541 351 2595 et
367 2527 494 2613 ubique
510 2531 602 2613 apud
619 2527 788 2597 Ovidium
811 2544 932 2615 poetas
948 2529 1204 2598 Alexandrinos

156 2634 294 2702 odorari
316 2635 382 2703 sibi
403 2637 576 2704 videntur.

197 2745 226 2808 si
249 2745 327 2826 quis
350 2743 448 2826 dicat,
472 2760 508 2810 ut
530 2744 597 2811 hoc
613 2758 697 2827 utar,
719 2748 753 2813 in
777 2745 889 2814 fabula
905 2747 1072 2832 Daphnes
1089 2749 1205 2812 inesse

156 2850 324 2932 quaedam
359 2851 592 2934 pulcherrima
626 2852 777 2936 ideoque
811 2873 880 2921 non
904 2853 1088 2938 ovidiana,
1122 2853 1205 2920 mihi

156 2959 296 3043 quidem
335 2978 404 3027 non
441 2961 660 3046 persuadeat.
714 2962 938 3047 respondebo
976 2982 1031 3029 me
1068 2975 1205 3046 poetam

155 3068 312 3137 Latinum
347 3072 461 3137 minus
495 3090 597 3155 quam
621 3070 717 3137 illurn
742 3083 976 3139 contemnere.
1021 3089 1085 3137 nec
1108 3069 1207 3152 quid·

155 3198 257 3263 quam
295 3197 442 3263 prorsus
479 3199 534 3247 me
568 3193 686 3248 movet
722 3180 817 3262 quod
851 3178 1064 3247 Knaackium
1101 3197 1205 3262 quem

156 3287 300 3354 honoris
324 3307 426 3355 causa
442 3291 584 3356 nomino
601 3292 635 3356 in
654 3291 945 3356 commentatione
968 3306 1029 3354 sua
1046 3287 1090 3356 de
1107 3286 1206 3356 Hero

157 3468 1208 3476 ..mmm-*ffi-

189 3573 247 3637 (79)
266 3573 382 3626 Metam.
400 3571 418 3626 l.
436 3574 597 3628 416-566.
633 3575 726 3628 Parth.
745 3574 820 3627 Erot.
838 3573 887 3626 XV
908 3573 1036 3641 Daphne.
1072 3571 1208 3643 ἣῐστορία

155 3657 227 3726 παρὰ
245 3655 372 3728 Διοδώρῳ
389 3658 423 3728 τῷ
437 3654 538 3731 Ἐλαίτῃ
556 3660 584 3710 ἐν
603 3660 729 3725 ἐλεγείαις
746 3658 791 3710 καὶ
811 3655 948 3727 Φυλάρχῳ
967 3659 995 3709 ἐν
1012 3658 1043 3710 ιέ.

189 3755 246 3824 (80)
265 3758 342 3825 quod
361 3756 483 3812 Ovidius
503 3757 672 3812 Callimachi
691 3771 808 3812 versum
831 3759 958 3811 imitatus
978 3765 1022 3810 est
1044 3756 1169 3823 (Metam.
1188 3756 1207 3808 1.

155 3838 211 3892 486
227 3856 257 3888 =
275 3838 442 3907 Calidio)
461 3843 518 3895 huc
536 3856 594 3896 non
613 3842 743 3909 pertinet.
769 3843 860 3895 immo
878 3841 924 3894 vel
943 3841 1010 3894 inde
1028 3840 1207 3894 concluseris

157 3936 224 3976 eum
242 3924 355 3990 poetico
373 3925 527 3992 exemplari
546 3940 604 3979 non
624 3939 709 3980 usum
729 3940 805 3980 esse.

974 4024 993 4077 3
