2978 4546
685 363 804 465 (tl)

218 533 380 601 conabor.
414 534 541 600 ultimis
564 533 681 601 verbis
704 534 1037 618 Metamorphoseon
1061 534 1138 602 libri
1159 534 1185 600 ΙΙ
1209 536 1270 603 de·

217 646 341 727 tegitur
363 646 504 711 imitatio
528 643 633 727 epylli
656 645 794 711 Moschi
818 645 862 712 de
887 658 985 728 raptu
1008 643 1184 728 Europae:

215 861 270 914 873
404 869 488 928 pavet
507 863 578 914 haec
597 862 724 929 litusque
743 863 835 915 ablata
854 863 985 915 relictum

333 946 450 1011 respicit
468 953 496 998 et
514 945 612 999 dextra
631 960 751 999 cornum
771 954 859 1012 tenet,
876 947 964 999 altera
982 946 1069 1000 dorso

332 1030 466 1097 imposita
485 1036 541 1095 est3
559 1031 700 1082 tremulae
718 1031 870 1083 sinuantur
888 1029 1002 1082 flamine
1020 1038 1127 1083 vestes.

258 1235 300 1303 cl.
324 1238 461 1305 Moschi
485 1237 638 1321 Europa:

222 1375 286 1437 125
332 1369 403 1455 ἧδ’
428 1369 477 1459 tip'
502 1373 674 1458 ἐφεζομένη
697 1371 801 1457 Ζηνὸς
825 1376 928 1453 βοέοις
951 1373 1007 1437 ἐπὶ
1028 1370 1145 1450 νώτοις

331 1486 368 1572 τῇ
392 1483 453 1564 μὲν
473 1481 545 1563 ἔχεν
567 1478 684 1566 σαύρου
706 1479 840 1564 δολιχόν
861 1487 967 1564 κέρας,
994 1482 1030 1548 ἐν
1050 1484 1116 1566 χερὶ
1138 1478 1171 1547 δ’
1189 1479 1271 1574 σἰλλῃ

330 1594 413 1673 alpos
434 1594 618 1678 πορφυρέην
639 1588 779 1672 στολμοῦ
801 1588 925 1672 πτύχα,
947 1589 1035 1678 ὄφρα
1053 1616 1087 1655 κε
1107 1589 1150 1675 μή
1170 1615 1228 1672 μιν

329 1696 416 1766 darios
437 1697 653 1787 ἐφελκόμενον
673 1696 788 1780 πολιῆς
809 1695 891 1775 ἁλός
913 1698 1058 1764 ἄσπετον
1079 1697 1173 1782 ὕδωρ.

330 1807 493 1894 κολπώθη
514 1805 545 1874 δ’
570 1807 716 1892 ἀνέμοισι
738 1809 864 1884 πέπλος
885 1805 994 1890 βαθὺς
1016 1805 1201 1894 Εὗρωπείης

330 1916 435 1984 ἱστίον
456 1915 509 1983 οἷά
529 1943 564 1982 τε
586 1917 673 2003 νηός,
695 1914 895 2006 ἕλοιφρίζσσιιε
916 1918 952 1983 δὲ
973 1917 1096 2005 κούρην.

259 2154 420 2218 nimirum
457 2166 601 2234 uterque
636 2167 736 2236 poeta
759 2152 933 2237 Europam
969 2152 1133 2220 describit
1158 2152 1269 2238 qualis

218 2261 309 2343 pingi
344 2258 486 2327 solebat.
540 2261 603 2327 sed
637 2259 744 2327 nihilo
779 2263 893 2328 minus
926 2275 1069 2345 apparet
1099 2259 1268 2329 Ovidium

216 2371 358 2436 novisse
396 2368 570 2453 Europam
608 2369 762 2451 Moschi,
807 2389 946 2437 carmen
992 2369 1267 2438 celeberrimum.

215 2491 361 2546 attamen
396 2479 462 2545 hoc
496 2497 566 2545 uno
599 2497 702 2563 quem
737 2479 916 2547 laudabam
950 2479 1028 2546 loco
1058 2493 1204 2563 excepto
1228 2515 1269 2523 -

216 2605 319 2670 quem
336 2587 451 2653 locum
464 2586 654 2653 Lucianum
669 2586 771 2671 (132)
785 2607 925 2672 quoque
939 2603 971 2655 et
983 2587 1149 2656 Nonnum
1163 2587 1266 2672 (133)

216 2695 368 2763 indidem
393 2711 564 2763 mutuatos
593 2715 672 2763 esse
699 2711 851 2781 apparet,
874 2716 953 2764 eum
981 2697 1134 2781 epyllion
1156 2694 1269 2765 Grae·

216 2823 294 2871 cum
328 2807 492 2871 imitatum
528 2825 606 2872 esse
641 2805 722 2872 mihi
756 2806 896 2889 quidem
931 2824 999 2872 non
1029 2804 1145 2890 liquet.
1190 2824 1267 2872 nam

215 2915 309 2998 quod
334 2913 528 2981 Ahrensius
562 2917 595 2981 in
620 2916 869 2981 commentario
893 2914 1054 2980 editionis
1084 2932 1167 2982 suae
1191 2914 1268 2979 Mo-

215 3023 288 3090 schi
325 3041 451 3090 versus
488 3024 688 3107 complures
724 3042 801 3089 cum
837 3020 1021 3090 Ovidianis
1059 3025 1267 3106 composuit,

215 3130 356 3199 forsitan
391 3136 563 3217 quispiam
588 3133 787 3217 praetulerit
820 3131 864 3197 ibi
889 3130 1062 3199 lortuitam
1095 3132 1266 3215 quandam

215 3241 473 3308 similitudinem
496 3259 695 3326 agnoscere.
734 3254 807 3306 utut
830 3254 941 3307 cst-
964 3259 1041 3307 nam
1065 3259 1121 3307 res
1145 3253 1266 3323 suapte

216 3363 334 3417 natura
368 3353 411 3416 ita
434 3362 630 3434 comparata
654 3363 705 3417 est
739 3362 775 3413 ut
796 3351 856 3414 vix
879 3351 1064 3433 disceptari
1093 3351 1204 3432 possit
1226 3384 1268 3395 -

216 3457 299 3525 illud
323 3471 416 3524 certe
440 3477 458 3524 c
482 3459 724 3540 discrepantia,
751 3475 839 3541 quae
863 3470 916 3524 est
938 3460 971 3524 in
995 3460 1136 3525 nomine
1160 3459 1267 3541 patris

215 3565 385 3649 Europae,
418 3566 551 3650 liquido
574 3581 665 3650 patet
689 3564 857 3635 Ovidium
881 3585 950 3634 non
975 3586 994 3634 e
1017 3566 1094 3634 solo
1117 3565 1267 3633 Moscho

248 3831 323 3901 (132)
342 3833 407 3887 dial.
425 3847 495 3886 mar.
516 3835 556 3887 15.

249 3924 322 3992 (133)
341 3925 435 3979 Nonn.
456 3925 539 3980 Dion.
558 3926 576 3978 l.
594 3926 630 3979 67
644 3941 705 3994 sqq.
