2978 4546
679 341 799 450 (tt)

216 545 367 600 mentem
400 534 545 598 venerit.
590 549 746 599 errorem
786 532 967 614 peperisse
1001 531 1163 612 suspicor
1189 544 1268 595 ver-

216 660 293 708 sum
318 639 395 723 (17)
421 658 490 725 quo
514 638 630 723 Clytie

400 859 497 926 vulgat
514 858 685 911 adulterium
706 858 943 924 diffamatumque
961 857 1072 923 parenti

400 959 513 1026 indicat,

215 1161 377 1229 videlicet
409 1164 495 1245 patri
518 1160 747 1243 Leucothoes,
782 1179 851 1228 non
885 1178 950 1226 suo
983 1173 1016 1226 et
1038 1157 1267 1238 Leucothoes,

218 1285 254 1338 ut
276 1273 520 1354 interpretatus
544 1284 596 1337 est
619 1288 814 1353 anonymus
839 1266 927 1351 (18).

258 1400 324 1464 iam
346 1415 433 1464 veto
456 1396 557 1463 nobis
580 1397 615 1463 id
638 1397 808 1480 agendum
834 1409 885 1462 est
911 1409 948 1462 ut
971 1396 1096 1461 ceteris
1119 1396 1267 1478 antiquis

217 1507 260 1574 de
296 1505 459 1589 Lycaone
497 1509 643 1590 eiusque
688 1507 825 1572 interitu
863 1506 1069 1572 testimoniis
1107 1501 1266 1568 adhibitis

217 1612 326 1681 Ovidi
361 1617 506 1698 eiusque
540 1613 644 1680 fontis
678 1612 782 1680 fidem
817 1615 1067 1680 examinemus.
1115 1614 1266 1695 primum

160 1748 163 1756 ·
216 1725 279 1790 tria
302 1720 441 1790 afferam
465 1726 660 1790 testimonia
684 1722 978 1806 mythographica,
1011 1740 1099 1806 quae
1123 1735 1156 1788 et
1179 1722 1267 1786 inter

215 1851 255 1900 se
293 1832 535 1918 componenda
571 1846 651 1899 sunt
688 1846 720 1899 et
758 1850 835 1899 cunr
873 1830 1006 1899 Ovidio
1044 1829 1266 1898 conferenda.

218 1958 368 2025 quorum
392 1953 500 2007 aetate
530 1954 746 2023 postremum
777 1943 927 2024 primum
962 1940 1077 2007 locum
1101 1938 1266 2006 obtineto.

257 2065 368 2149 Myth.
403 2065 510 2132 Vatic.
548 2065 585 2132 11.
620 2071 681 2132 60:
728 2064 886 2148 „Lycaon
931 2084 1038 2151 quum
1082 2077 1266 2146 susceptos

216 2175 368 2258 hospitio
391 2174 551 2241 homines
575 2176 773 2241 interimere
800 2174 923 2241 solitus
957 2186 1060 2256 esset,
1093 2185 1265 2256 stupratae

217 2287 361 2367 insuper
394 2282 482 2350 filiae
516 2282 638 2349 dolore
667 2296 872 2365 commotus,
906 2282 987 2350 Iove
1021 2282 1172 2365 hospitio
1206 2299 1266 2348 ex-

218 2406 329 2477 cepto,
353 2411 459 2476 quum
475 2391 579 2460 vellet
595 2391 778 2475 explorate
802 2410 844 2457 an
866 2410 973 2459 vetus
993 2391 1147 2475 luppiter
1165 2404 1268 2471 esset,

217 2516 253 2569 ut
291 2515 473 2585 expertum
517 2501 694 2567 hominem
732 2499 864 2584 polluto
909 2499 1148 2584 hospitalitatis
1193 2502 1267 2565 iure

218 2613 317 2677 citius
334 2609 412 2693 (19)
437 2613 659 2692 interimeret,
693 2609 877 2676 humanam
902 2612 933 2677 ei
957 2628 1096 2677 carnem
1119 2626 1268 2676 vescen-

116 2759 117 2762 =
218 2720 295 2787 dant
320 2721 490 2803 apposuit.
521 2720 613 2786 unde
637 2731 832 2786 commotus
856 2718 1010 2802 luppiter
1032 2719 1175 2785 domum
1193 2719 1268 2783 eius

368 2906 693 2914 ›·—----—-—-——-·——...-..--
704 2907 898 2913 .....,.,..,...,-‚....-.
912 2908 917 2912 .
934 2908 964 2912 ....
974 2908 990 2913 ,Δ
1006 2908 1011 2912 .
1024 2907 1057 2912 ..,.
1073 2907 1091 2912 ...
1100 2908 1112 2912 .,
1128 2907 1169 2912 ,.,..
1182 2908 1186 2910 ,
1195 2906 1224 2910 ...,
1233 2906 1240 2910 .
1253 2905 1266 2910 ..

250 3035 307 3104 (17)
324 3035 440 3091 neum.
458 3035 504 3089 tv.
521 3037 584 3090 aso.

251 3134 309 3205 (18)
327 3138 423 3192 credat
441 3138 545 3205 aliquis
569 3136 736 3191 huiusmodi
761 3149 873 3190 errores
892 3142 994 3203 suapte
1012 3141 1112 3188 natura
1129 3148 1267 3201 perquam

218 3235 298 3275 raros
328 3235 404 3275 esse.
445 3235 512 3275 ecce
541 3221 618 3275 aliud
648 3220 814 3289 exemplum
845 3234 880 3273 ex
909 3221 974 3287 ipso
1004 3217 1108 3272 Ovidio
1138 3219 1267 3285 petitum.

218 3305 327 3372 Phyllis
353 3304 428 3372 apud
454 3302 587 3358 Servium
614 3305 649 3358 ad
675 3305 762 3373 Verg.
779 3305 836 3359 Ecl.
854 3303 888 3358 V.
910 3303 943 3357 l⁰
969 3313 1014 3357 est
1040 3301 1187 3369 „Sithonis
1213 3303 1270 3356 lilia

217 3389 316 3455 regina
326 3386 485 3441 Thracum“
496 3387 640 3456 hodieque
652 3390 681 3443 in
695 3388 862 3443 enchiridiis
874 3396 903 3441 et
912 3388 1013 3442 lexicis
1025 3387 1269 3455 mythographicis

219 3471 274 3525 hoc
302 3472 377 3524 inter
405 3472 477 3525 alios
507 3472 644 3539 gloriatur
673 3481 799 3540 parente.
842 3487 908 3527 cum
938 3480 1035 3526 tamen
1061 3472 1125 3538 ipse
1152 3469 1270 3523 Servius

219 3553 354 3609 Ovidium
384 3553 493 3609 iontem
521 3570 607 3609 suurn
636 3571 703 3610 esse
731 3556 853 3610 fateatur
880 3555 951 3623 („sic
978 3553 1101 3608 Ovidius
1128 3554 1156 3606 in
1184 3552 1271 3605 Meta·

219 3639 415 3705 morphoseon
443 3636 551 3705 libris“)
582 3654 651 3694 num
680 3640 776 3694 vocari
802 3647 899 3707 potest
925 3639 953 3692 in
981 3638 1100 3692 dubium
1128 3637 1197 3704 quin
1224 3635 1270 3688 hic

218 3735 334 3790 quoque
363 3736 443 3776 error
471 3722 583 3777 fluxerit
610 3738 626 3777 e
652 3724 726 3778 male
756 3723 901 3778 intellecto
929 3719 1047 3786 Ovidio,
1076 3720 1152 3786 apud
1183 3733 1269 3786 quern

218 3805 327 3872 Phyllis
346 3804 475 3859 Sithonis
493 3808 511 3859 i.
529 3821 554 3860 e.
571 3806 715 3861 Thraessa
734 3807 812 3859 audit
830 3821 900 3860 rem.
919 3820 973 3859 am.
992 3802 1071 3857 605?

253 3904 309 3973 (19)
328 3907 346 3958 1.
365 3906 477 3959 tutius?
