2978 4546
576 387 585 404 .
680 332 798 440 (tr)

217 508 278 575 ubi·
309 528 352 576 ne
386 520 463 592 apte
486 507 627 590 quidem
652 507 781 572 mentio
804 503 950 589 Telephi
984 508 1091 573 sanati
1119 505 1266 589 inicitur,

216 620 346 703 quippe
379 636 468 701 quae
492 633 561 682 non
587 613 685 681 iaciat
717 615 760 680 ad
783 601 1098 681 demonstrandum
1128 633 1265 682 manunt

216 725 360 793 Achillis
382 724 545 793 valuisse.

257 848 290 902 et
323 834 445 901 eadem
482 846 515 900 et
548 832 612 900 alia
646 830 732 899 lacta
756 830 901 899 Achillis
935 830 1001 898 alio
1035 831 1113 898 loco
1141 833 1265 899 iterum

215 955 443 1011 recensentur
470 941 511 1008 ab
535 940 637 1009 Ulixe
661 938 776 1024 (201).

258 1077 350 1143 idem
375 1088 554 1143 enumerat
577 1074 748 1142 Troianos
771 1093 789 1140 a
812 1092 851 1141 se
875 1076 1028 1141 occisos:

216 1293 332 1348 Metam.
350 1292 416 1345 Xlll.
433 1294 489 1346 256

662 1392 727 1432 cum
747 1377 838 1430 multo
856 1377 996 1444 sanguine
1014 1374 1075 1429 ludi

316 1461 470 1516 Coeranon
487 1459 629 1528 lphltiden
647 1469 675 1513 et
693 1459 882 1528 Alastoraque
900 1457 1132 1526 Chromiumque

315 1544 551 1613 Alcandrumque
568 1544 743 1612 Haliumque
762 1543 973 1611 Noemonaque
991 1542 1194 1610 Prytanimque

316 1630 460 1696 exitioque
478 1628 543 1682 dedi
563 1641 628 1682 oum
649 1625 892 1681 Chersidamante
908 1626 1027 1680 Thoona

317 1720 345 1763 er
363 1709 527 1779 Charopem
547 1709 673 1778 latisque
691 1711 852 1763 immitibus
870 1710 1022 1763 Ennomon
1040 1718 1135 1762 actum

318 1794 424 1862 quique
441 1795 540 1848 minus
559 1794 690 1847 celebres
709 1801 809 1846 nostra
827 1793 881 1845 sub
900 1793 1054 1846 moenibus
1072 1792 1151 1845 urbis

317 1878 498 1944 procubuere
516 1890 612 1930 manu.

260 2108 394 2179 septem
417 2097 483 2161 viri
516 2112 606 2178 quos
629 2096 763 2178 primos
787 2095 976 2161 nominavit
998 2094 1205 2161 occiduntur
1226 2092 1268 2160 ab

218 2203 321 2271 Ulixe
345 2206 379 2271 in
403 2202 528 2270 Iliados
551 2209 581 2267 E
603 2200 717 2285 (202),
750 2215 912 2287 quattuor
945 2221 1034 2287 quos
1057 2202 1184 2270 deinde
1207 2220 1269 2287 po-

215 2315 283 2380 suit
316 2327 349 2381 et
384 2315 528 2397 insuper
561 2310 673 2380 Socus
702 2310 878 2396 Charopis
902 2310 1007 2379 irater
1029 2314 1063 2378 in
1087 2310 1211 2379 Iliados
1234 2319 1268 2375 A

217 2420 331 2504 (203).
377 2423 454 2504 quis
479 2422 596 2488 credat
620 2418 788 2488 Ovidium
824 2420 909 2488 haec
942 2424 1081 2488 nomina
1114 2433 1171 2486 aut
1197 2436 1269 2485 me·

216 2533 325 2596 moria
348 2533 503 2596 tenuisse
526 2543 583 2595 aut
606 2549 626 2595 e
650 2529 794 2596 duobus·
811 2528 936 2595 Iliados
968 2529 1065 2594 libris
1094 2529 1268 2611 conquisi-

215 2637 340 2703 visse?
378 2638 573 2719 commode,
606 2639 635 2703 si
670 2656 725 2703 me
759 2637 869 2718 audis,
902 2636 1088 2722 praebebat
1121 2634 1268 2704 libellus.

217 2745 309 2829 apud
334 2744 513 2829 Hyginum
549 2758 582 2812 et
605 2744 740 2813 nobiles
763 2747 827 2812 viri
862 2747 920 2830 qui
944 2748 978 2813 in
1001 2744 1093 2813 bello
1116 2743 1267 2812 Troiano

219 2852 423 2921 occiderunt
446 2852 646 2921 releruntur
669 2873 697 2921 c.
725 2858 802 2935 113,
837 2854 895 2921 ubi
918 2853 1056 2938 legitur:
1102 2852 1268 2937 „Ulysses

218 2960 375 3045 (occidit)
394 2962 669 3047 Hippodamum,
686 2963 777 3029 idern
796 2960 1037 3045 Chromium“,
1053 2976 1086 3029 et
1102 2980 1268 3029 numerus

217 3070 387 3153 hostium,
421 3085 505 3156 quot
538 3074 686 3156 quisque
720 3069 900 3153 interfecit,
934 3071 1103 3138 indicatur
1136 3089 1164 3137 c.
1192 3075 1269 3151 lli,

216 3179 273 3246 ubi
298 3180 436 3264 legitur:
484 3180 650 3263 „Ulysses
674 3198 821 3247 numero
845 3179 932 3246 Xll.“
969 3193 1123 3247 ceterum
1147 3183 1269 3264 ignoro

218 3289 301 3368 quid
325 3286 495 3356 Ovidium
519 3292 734 3374 permoverit
767 3303 803 3356 ut
826 3287 1016 3359 Coeranon
1040 3288 1139 3374 Iphiti
1162 3287 1267 3355 lilium

218 3395 359 3462 diceret.
394 3398 457 3463 sed
481 3400 690 3466 crediderim
714 3412 808 3466 recte
832 3398 1040 3466 observasse
1056 3396 1268 3464 Ehwaldium

203 3698 205 3702 ’
251 3686 326 3754 (201)
343 3688 459 3742 Metam.
478 3686 543 3740 Xill.
566 3688 612 3741 171
629 3702 691 3757 sqq.

251 3785 327 3851 (202)
345 3786 399 3841 077
412 3801 475 3856 sqq.

252 3885 327 3952 (203)
344 3886 399 3940 422
411 3901 475 3956 sqq.
