2978 4546
609 352 729 456 (⁶7)

181 523 296 592 Nonn.
320 523 376 591 IV.
399 530 486 594 377:

244 663 296 724 καὶ
318 659 416 744 ταχὺς
438 657 644 749 δμῳιέλικτος
663 661 720 724 ἐπὶ
742 657 896 751 κνὴμησιν
918 657 1069 747 ἇνέρπων

245 766 378 852 Κάδμον
400 766 587 854 ἇπειλητῆρι
609 767 734 856 δράκων
755 766 896 844 ἐζώσατο
918 767 1038 856 δεσμῷ·

243 880 296 941 καὶ
319 877 418 960 δέμας
439 875 597 965 ὄρθωσας
618 878 744 960 μέλλων
765 876 930 965 έπιβητορι
951 877 1085 965 παλμῷ·

244 992 389 1071 ταυρείης
410 988 602 1073 περίκυκλον
622 989 654 1063 ἐς
676 984 833 1074 ὀμφαλόν
855 985 935 1051 ἆλτο
956 993 1068 1073 βοείης.

125 1326 126 1330 ¹
183 1227 321 1295 Metam.
346 1227 397 1296 111.
420 1233 483 1296 93:

241 1363 369 1429 pondere
388 1363 533 1430 serpentis
551 1371 666 1416 curvata
685 1371 729 1417 est
747 1364 832 1417 arbor
850 1372 878 1417 er
897 1365 953 1417 ima

240 1455 320 1512 parte
338 1445 473 1515 flagellari
492 1447 601 1515 gemuit
619 1461 672 1500 sua
690 1447 793 1501 robora
811 1447 926 1500 candae.

240 1532 308 1585 dum
328 1531 452 1598 spatium
471 1530 562 1586 victor
579 1531 645 1585 victi
664 1531 829 1585 considerat
847 1532 950 1597 hostis,

239 1630 295 1670 vox
313 1617 409 1670 subito
427 1616 522 1670 audita
540 1623 585 1669 est
603 1630 698 1682 neque
716 1624 776 1669 erat
794 1629 971 1683 cognoscere
989 1622 1153 1682 promptum

241 1700 326 1766 unde,
344 1700 397 1753 sed
416 1700 510 1753 audita
529 1708 586 1753 est:
605 1700 682 1766 quid,
700 1698 834 1767 Agenore
854 1707 929 1761 nate,
948 1704 1126 1766 peremptum

240 1791 406 1849 serpentem
425 1782 563 1850 spectas?
590 1791 619 1836 et
635 1791 666 1835 tu
685 1783 854 1849 spectabere
872 1795 1003 1848 serpens.

184 1965 299 2033 Nonn.
322 1966 376 2034 IV.
401 1973 487 2034 414:

542 2086 752 2170 κυλινδομένη
773 2087 809 2151 δὲ
830 2092 920 2178 κονίη

245 2189 356 2276 ηθάδα
377 2192 492 2260 κύκλον
514 2195 619 2259 ἕλισσε
640 2194 842 2261 παλίλλυτον
864 2195 1003 2271 ἄσταυος
1024 2193 1099 2280 οὗρη

242 2305 293 2367 καὶ
316 2303 448 2390 δαπέδῳ
469 2301 644 2369 τετάνυστο
665 2303 790 2391 δράκων
811 2309 915 2381 νέκυς·
938 2301 1023 2392 ἀμφὶ
1043 2305 1078 2368 δὲ
1095 2310 1191 2390 νεκρῷ

243 2409 361 2497 θοῦρος
376 2412 473 2498 ’Ἁρης
492 2411 667 2501 βαρύμηνις
688 2411 853 2499 ἀνέκραγε·
877 2417 1041 2496 χωομένου
1063 2414 1099 2478 δὲ

243 2519 373 2604 Κάδμος
395 2519 614 2606 ἀμειβομένων
635 2523 758 2605 μελέων
779 2519 924 2587 ἑλικωδει
945 2520 1051 2613 μορφῇ

244 2625 406 2717 ἀλλοφυῆς
427 2630 541 2714 ἤμελλε
562 2629 643 2718 παρ’
665 2628 839 2716 Ἰλλυρίδος
860 2628 967 2719 σφυρά
988 2636 1080 2717 γαίης

245 2740 349 2812 ξεῖνον
371 2737 456 2820 ἔχειν
478 2739 619 2822 ἵνδαλμα
640 2739 858 2825 δρακοντείοιο
880 2739 1071 2827 προσώπου.

183 2985 329 3054 uterquc
362 2973 512 3054 scriptor
535 2972 662 3039 multus
696 2985 748 3039 est
781 2975 813 3038 in
838 2975 911 3038 acie
935 2972 1079 3039 militum
1103 2986 1194 3039 terra

141 3083 382 3164 exurgentium
406 3080 646 3147 describenda.

183 3262 224 3331 cf.
247 3265 386 3332 Metam.
410 3264 463 3332 IV.
493 3271 574 3332 108:

240 3399 365 3464 tegmina
383 3413 449 3452 mox
466 3399 591 3466 capitum
611 3400 686 3466 picto
705 3401 833 3453 nutantia
851 3412 924 3452 cono

240 3494 306 3534 mox
325 3481 417 3534 umeri
435 3491 603 3549 pectusque.

182 3669 260 3717 cum
284 3650 397 3717 Nonn.
423 3649 477 3717 IV.
500 3655 587 3717 433:

244 3792 340 3869 ἄλλος
361 3791 609 3880 ὑπερκύπτοντα
631 3791 737 3879 λόφον
758 3792 924 3878 προβλητα
946 3800 1098 3859 τιταίνων

245 3900 336 3966 οὔπω
358 3906 490 3988 στέρνον
511 3902 632 3988 ἔφαινε.
