2978 4546
680 341 800 452 (la)

258 530 441 600 postquam
466 514 598 583 diluvio
622 515 779 582 animalia
807 516 922 582 omnia
945 516 1134 605 perierunt,
1167 516 1268 582 tellus

334 734 354 787 1.
371 734 426 788 436
445 733 533 788 edidit
550 734 717 787 innumeras
736 732 850 800 species
869 732 1030 799 partimque
1047 731 1152 798 figuras

441 817 549 870 rettulit
566 816 699 884 antiquas
718 816 819 883 partim
839 830 913 868 nova
932 823 1061 868 monstra
1079 816 1197 869 creavit:

442 901 490 954 illa
508 901 624 968 quidem
644 901 742 966 nollet,
763 899 815 952 sed
834 908 862 952 te
880 913 997 967 quoque
1016 899 1139 952 maxime
1158 898 1268 967 Python

441 992 501 1037 tum
521 985 627 1051 genuit.

258 1187 418 1271 Pythone
441 1187 517 1254 telis
541 1184 708 1254 conlosso
731 1185 859 1269 Apollo
882 1185 1026 1269 Pythios
1050 1185 1151 1252 ludos
1175 1187 1270 1252 insti-

217 1299 293 1380 tuit;
316 1298 468 1363 victores
485 1309 598 1363 autern
615 1294 774 1363 aesculea
790 1312 920 1362 corona
936 1294 1166 1376 donabantur3
1190 1314 1267 1361 nam

216 1406 333 1473 laurus
356 1405 512 1472 nondum
548 1418 629 1472 erat.
672 1406 723 1471 sic
757 1404 879 1471 callide
913 1406 1032 1470 transit
1054 1405 1096 1470 ad
1120 1402 1267 1471 fabulam

216 1513 393 1597 Daphnes.
440 1513 660 1581 manifestum
684 1527 797 1581 autem
822 1528 884 1595 est,
909 1531 987 1579 cum
1014 1525 1199 1596 utrumque
1222 1511 1269 1579 la-

216 1625 314 1689 cinus
348 1623 453 1707 vulgo
487 1621 640 1706 Apollini
675 1624 791 1689 iuveni
825 1621 1008 1704 tribuatur,
1042 1620 1189 1689 fabulam
1225 1622 1268 1688 de

216 1730 375 1814 Pythone
398 1731 439 1797 ab
456 1729 619 1814 Apolline
643 1733 760 1797 occiso
784 1733 850 1796 iam
876 1733 910 1795 in
934 1728 1266 1814 mythographorum

217 1838 313 1906 libris
337 1858 415 1906 cum
440 1836 552 1906 labula
575 1838 743 1923 Daphnes
769 1839 979 1906 cohaesisse.
1016 1857 1105 1922 quos
1127 1851 1269 1906 secutus

217 1950 317 2014 etiam
352 1945 505 2015 Ovidius
539 1946 644 2015 deum
679 1961 712 2013 et
746 1950 779 2014 in
814 1946 926 2014 fabula
956 1946 1124 2030 Pythonis
1158 1965 1268 2030 paene

216 2072 364 2138 puerum
388 2054 483 2124 lecit:

331 2272 350 2325 1.
367 2272 417 2324 441
440 2273 517 2326 hunc
535 2273 608 2327 deus
625 2272 788 2327 arcitenens
807 2281 835 2326 et
846 2286 1005 2340 numquam
1024 2272 1129 2327 talibus
1147 2273 1235 2326 armis

440 2364 507 2409 ante
525 2355 579 2410 nisi
599 2356 628 2409 in
647 2357 772 2411 dammis
791 2357 960 2424 capreisque
979 2355 1128 2422 fugacibus
1147 2371 1269 2410 usus...

441 2439 563 2506 perdidit

216 2641 305 2704 etin
329 2637 441 2705 fabula
464 2638 633 2723 Daphnes
654 2642 714 2705 vix
738 2638 906 2722 puberem
930 2641 1077 2706 induxit:

332 2854 350 2907 1.
369 2853 424 2906 452
442 2854 552 2922 primus
572 2868 653 2907 amor
671 2854 779 2909 Phoebi
799 2856 920 2923 Daphne
938 2856 1051 2910 Peneia.

259 3062 466 3135 bibliotheca
489 3062 699 3149 Apollodori
721 3077 834 3131 autem
859 3063 1056 3148 Apollinem
1082 3064 1187 3131 modo
1211 3083 1268 3131 na-

215 3185 285 3240 tum
309 3171 470 3257 Delphos
493 3175 635 3240 venisse
659 3188 773 3240 narrat
806 3187 839 3240 et
860 3172 1055 3257 Pythonem
1085 3173 1268 3255 occidisse,

215 3279 383 3365 Daphnes
416 3279 529 3348 labula
567 3283 707 3349 omissa.
766 3281 971 3365 hypothesis
1008 3300 1095 3349 vero
1128 3281 1266 3349 Pindari

214 3388 418 3472 Pythiorum
453 3408 555 3473 quam
593 3410 637 3457 ex
661 3391 785 3458 eodem
820 3389 914 3458 fonte
938 3388 1082 3458 fluxisse
1105 3393 1268 3474 suspicor

215 3499 366 3564 maxime
385 3511 530 3580 propter
545 3516 757 3566 consensum
774 3498 818 3566 de
841 3498 1042 3582 parentibus
1058 3499 1161 3567 Panis
1178 3497 1268 3582 (87),

247 3730 305 3797 (87)
325 3732 392 3786 bibl.
410 3731 504 3799 Apoll.
522 3731 540 3785 l.
558 3733 600 3786 22.
624 3730 763 3786 ‘Ancillam
786 3733 814 3786 δὲ
837 3733 885 3800 τὴν
907 3732 1042 3804 μαντικῆν
1065 3736 1171 3804 μαθών
1194 3731 1268 3804 παριῖ

214 3811 308 3874 Πανὸς
325 3819 369 3866 τοῦ
387 3817 450 3875 Διὸς
468 3815 513 3868 καὶ
533 3816 680 3889 Θύμβρεως
697 3809 760 3881 ἧκεν
777 3818 812 3876 εἷς
829 3817 955 3888 Δελφούς.

248 3899 364 3968 hypoth.
382 3898 460 3953 Pind.
479 3900 558 3967 Pyth.
579 3899 694 3955 Boeckh
714 3899 744 3953 ll.
760 3901 782 3954 l.
800 3915 826 3971 p.
839 3900 905 3956 297:
924 3904 1008 3975 ἔμαθε
1026 3903 1055 3955 δὲ
1073 3903 1118 3955 καί
1136 3900 1182 3970 vir
1198 3921 1267 3975 μαν-
