2978 4546
679 347 798 455 (ll)

216 518 384 589 Ovidium
409 519 523 587 locum
542 532 756 587 retractasse.
800 537 937 586 causam
960 536 1047 586 vero
1064 538 1126 586 cur
1140 538 1266 587 versus

215 649 285 696 non
309 631 501 697 interierint
524 647 598 695 eam
633 627 741 695 luisse
765 630 944 712 perspexit
965 627 1138 695 Maassius
1172 628 1266 712 quod

216 736 368 806 Ovidius
392 736 727 820 Metamorphoseon
760 736 868 804 libros
902 755 972 803 non
1005 739 1082 821 ipse
1110 737 1267 820 ediderit,

217 849 330 914 editor
364 845 631 913 contaminando
665 865 767 930 quam
802 845 949 929 plurima
983 848 1140 913 servarit.
1184 848 1266 928 quid

217 969 329 1023 autem
355 954 524 1023 Ovidium
549 957 583 1021 in
607 973 681 1021 eam
700 969 849 1021 mentem
874 954 1009 1038 impulit
1032 968 1067 1021 ut
1082 954 1197 1022 locum
1214 955 1267 1022 bis

217 1066 386 1134 scriberet
409 1079 442 1133 et
465 1066 642 1133 variaret?
686 1067 715 1131 si
736 1064 927 1131 Maassium
951 1064 1060 1148 audis,
1094 1067 1127 1130 in
1160 1064 1267 1131 altero

217 1173 552 1258 Metamorphoseon
569 1174 759 1257 exemplari
775 1173 962 1240 scribendo
979 1187 1167 1259 occupatus
1184 1173 1267 1240 illud

218 1285 261 1352 de
288 1284 405 1351 Peneo
440 1284 483 1350 de
506 1302 571 1349 suo
596 1286 745 1365 novavit,
777 1302 847 1367 quo
881 1285 987 1350 artius
1022 1282 1267 1351 cohaerentem

219 1391 372 1460 elliceret
406 1395 648 1475 narrationem,
681 1394 843 1476 quoniam
878 1392 1010 1460 scilicet
1032 1391 1180 1476 Daphne
1204 1391 1268 1460 Pe·

219 1521 321 1570 neum
347 1516 477 1585 patrem
502 1502 644 1567 adiisset
667 1499 831 1584 precibus
855 1499 1116 1569 Callimacheis:

372 1711 427 1764 486
445 1710 480 1764 da
499 1710 568 1763 mihi
588 1718 734 1776 perpetua,
752 1710 863 1779 genitor
881 1709 1040 1776 carissime,
1058 1709 1135 1775 dixit,

443 1795 604 1862 virginitate
623 1793 692 1848 lrui:
711 1794 788 1848 dedit
806 1794 861 1847 hoc
879 1801 959 1860 pater
976 1799 1042 1846 ante
1061 1793 1176 1846 Dianae.

262 1994 446 2078 explicatio
480 2014 550 2062 non
587 1994 689 2061 valde
722 1994 923 2079 probabilis
979 1993 1068 2061 malo
1107 1994 1267 2079 equidem

219 2117 369 2170 statuere
393 2101 561 2171 Ovidium
596 2116 763 2187 utrosque
789 2122 915 2172 versus
937 2103 1040 2170 simul
1073 2105 1269 2189 scripsisse,

221 2229 257 2280 ut
280 2212 466 2297 postmodo
491 2211 633 2296 eligeret
656 2226 729 2279 utra
752 2211 863 2280 forma
897 2213 962 2280 sibi
987 2215 1094 2297 magis
1122 2212 1271 2298 placuis-

220 2336 274 2390 set
297 2320 387 2404 (85).
441 2320 536 2405 quod
569 2334 681 2388 autem
716 2321 889 2405 Daphnen
923 2323 979 2389 hic
1001 2321 1170 2405 Peneum,
1202 2322 1270 2389 illic

220 2429 395 2499 Tellurem
431 2432 648 2496 invocantem
685 2429 779 2514 lecit,
819 2433 950 2515 optime
984 2430 1175 2516 explicatur
1208 2449 1272 2516 per

222 2558 322 2606 usum
347 2538 423 2605 libri
447 2537 689 2622 mythographi
712 2538 891 2606 cuiusdam
916 2558 985 2622 quo
1008 2542 1175 2625 scriptum
1199 2552 1272 2607 erat

221 2648 393 2733 Daphnen
417 2646 490 2714 aliis
514 2646 631 2730 Penei,
664 2647 738 2714 aliis
762 2647 912 2716 Ladonis
941 2662 974 2715 et
995 2646 1145 2715 Telluris
1169 2629 1294 2715 liliam¹

221 2755 329 2824 luisse
354 2754 443 2839 (86).
488 2774 565 2823 nam
600 2755 675 2823 talia
709 2770 802 2824 certe
826 2754 979 2824 Ovidius
1011 2759 1178 2825 memoria
1201 2775 1270 2823 non

222 2867 379 2933 tenuerit.

264 2973 431 3043 Ovidium
467 2975 567 3058 igitur
589 2972 757 3056 Daphnes
791 2973 938 3041 fabulam
973 2993 991 3040 a
1019 2973 1272 3059 mythographo

222 3098 515 3171 mutuatumuesse
539 3084 752 3151 credendum
778 3097 838 3150 est.
873 3099 1026 3151 ceterum
1051 3101 1180 3168 operae
1197 3101 1276 3166 pre·

222 3195 305 3259 tium
331 3206 382 3260 est
406 3194 525 3276 paucis
543 3193 719 3275 disputare
744 3191 787 3258 de
812 3211 904 3258 nexu
928 3210 997 3273 quo
1020 3190 1109 3259 hanc
1125 3190 1273 3258 labulam

223 3301 398 3384 copulavit
420 3321 499 3367 cum
524 3301 745 3384 praecedenti
770 3301 813 3366 de
836 3299 1006 3383 Pythone.

220 3472 987 3480 .-——--.-.—-..-—-——-...-..—...-0-.-.—.-.-.-
992 3475 1015 3479 -..
1022 3473 1130 3479 ...-—.-—-
1137 3473 1217 3478 .—
1223 3472 1270 3478 .-

256 3569 314 3636 (85)
334 3569 505 3623 Parthenius
523 3569 597 3622 Erot.
610 3569 658 3621 XV
677 3571 795 3637 praebet
814 3569 928 3623 fabulae
945 3571 1063 3638 liguram
1082 3584 1140 3638 qua
1152 3569 1274 3636 Daphne

222 3651 318 3705 lovem
338 3653 473 3721 precibus
491 3654 612 3707 invocat.

256 3743 314 3810 (86)
333 3744 455 3812 Daphne
474 3745 560 3798 Penei
580 3744 637 3799 lilia
650 3754 694 3799 est
707 3745 780 3814 Hyg.
800 3746 853 3800 lab.
870 3744 934 3812 203,
958 3745 1082 3799 Ladonis
1101 3745 1183 3799 Paus.
1203 3742 1273 3797 Vlll.

221 3828 267 3894 20,
290 3827 320 3880 Χ.
338 3829 363 3882 7.
381 3829 409 3895 8,
432 3828 556 3883 Ladonis
578 3837 606 3883 et
623 3828 746 3882 Telluris
765 3829 860 3883 Liban.
881 3828 937 3882 lab.
958 3830 999 3883 ll.
1023 3843 1049 3896 p.
1071 3827 1149 3882 1102.
1178 3826 1274 3882 Noun.

222 3917 255 3968 ad
278 3912 399 3982 Gregor.
417 3912 568 3967 Westerm.
586 3912 726 3982 Mythogr.
749 3927 776 3980 p.
793 3914 855 3968 366.
884 3913 977 3968 Tzetz.
996 3913 1086 3967 schol.
1108 3913 1142 3966 ad
1165 3911 1229 3980 Lyc.
1247 3913 1275 3965 6.
