<?xml version="1.0" encoding="UTF-8"?>
<!DOCTYPE html PUBLIC "-//W3C//DTD XHTML 1.0 Transitional//EN"
    "http://www.w3.org/TR/xhtml1/DTD/xhtml1-transitional.dtd">
<html xmlns="http://www.w3.org/1999/xhtml" xml:lang="en" lang="en">
 <head>
  <title>
</title>
<meta http-equiv="Content-Type" content="text/html;charset=utf-8" />
  <meta name='ocr-system' content='tesseract 3.04.00' />
  <meta name='ocr-capabilities' content='ocr_page ocr_carea ocr_par ocr_line ocrx_word'/>
</head>
<body>
  <div class='ocr_page' id='page_1' title='image "./deovidimythopoe00vollgoog_0011.png"; bbox 0 0 2978 4546; ppageno 0'>
   <div class='ocr_carea' id='block_1_1' title="bbox 753 388 850 497">
    <p class='ocr_par' dir='ltr' id='par_1_1' title="bbox 753 388 850 497">
     <span class='ocr_line' id='line_1_1' title="bbox 753 388 850 497; baseline 0.052 -5"><span class='ocrx_word' id='word_1_1' title='bbox 753 388 850 497; x_wconf 74' lang='lat' dir='ltr'>(ssl</span> 
     </span>
    </p>
   </div>
   <div class='ocr_carea' id='block_1_2' title="bbox 277 559 1329 2926">
    <p class='ocr_par' dir='ltr' id='par_1_2' title="bbox 277 559 1329 1077">
     <span class='ocr_line' id='line_1_2' title="bbox 277 559 1327 646; baseline 0.006 -22"><span class='ocrx_word' id='word_1_2' title='bbox 277 559 529 628; x_wconf 92' lang='lat' dir='ltr'>immedicabile</span> <span class='ocrx_word' id='word_1_3' title='bbox 541 561 668 629; x_wconf 91' lang='lat' dir='ltr'>vulnus</span> <span class='ocrx_word' id='word_1_4' title='bbox 682 580 766 629; x_wconf 89' lang='lat' dir='ltr'>ense</span> <span class='ocrx_word' id='word_1_5' title='bbox 783 562 940 630; x_wconf 84' lang='lat' dir='ltr'>recidere</span> <span class='ocrx_word' id='word_1_6' title='bbox 957 561 1176 646; x_wconf 86' lang='lat' dir='ltr'>ferreamque</span> <span class='ocrx_word' id='word_1_7' title='bbox 1193 562 1327 646; x_wconf 93' lang='lat' dir='ltr'>prolem</span> 
     </span>
     <span class='ocr_line' id='line_1_3' title="bbox 278 671 1326 754; baseline 0.005 -21"><span class='ocrx_word' id='word_1_8' title='bbox 278 684 445 751; x_wconf 90' lang='lat' dir='ltr'>superum</span> <span class='ocrx_word' id='word_1_9' title='bbox 470 673 754 754; x_wconf 83' lang='lat' dir='ltr'>contemptricem</span> <span class='ocrx_word' id='word_1_10' title='bbox 789 689 855 754; x_wconf 99' lang='lat' dir='ltr'>qua</span> <span class='ocrx_word' id='word_1_11' title='bbox 884 685 992 739; x_wconf 90' lang='lat' dir='ltr'>totum</span> <span class='ocrx_word' id='word_1_12' title='bbox 1016 671 1154 740; x_wconf 89' lang='lat' dir='ltr'>Nereus</span> <span class='ocrx_word' id='word_1_13' title='bbox 1179 674 1326 738; x_wconf 89' lang='lat' dir='ltr'>circum·</span> 
     </span>
     <span class='ocr_line' id='line_1_4' title="bbox 278 776 1327 862; baseline 0.002 -19"><span class='ocrx_word' id='word_1_14' title='bbox 278 790 377 843; x_wconf 84' lang='lat' dir='ltr'>sonat</span> <span class='ocrx_word' id='word_1_15' title='bbox 398 776 520 844; x_wconf 90' lang='lat' dir='ltr'>orbem</span> <span class='ocrx_word' id='word_1_16' title='bbox 544 777 608 845; x_wconf 91' lang='lat' dir='ltr'>sub</span> <span class='ocrx_word' id='word_1_17' title='bbox 629 779 731 846; x_wconf 93' lang='lat' dir='ltr'>undis</span> <span class='ocrx_word' id='word_1_18' title='bbox 755 779 905 862; x_wconf 86' lang='lat' dir='ltr'>perdere</span> <span class='ocrx_word' id='word_1_19' title='bbox 928 780 1092 846; x_wconf 85' lang='lat' dir='ltr'>decernit.</span> <span class='ocrx_word' id='word_1_20' title='bbox 1123 779 1327 846; x_wconf 88' lang='lat' dir='ltr'>Deucalioni</span> 
     </span>
     <span class='ocr_line' id='line_1_5' title="bbox 277 886 1329 971; baseline 0.003 -20"><span class='ocrx_word' id='word_1_21' title='bbox 277 904 355 952; x_wconf 91' lang='lat' dir='ltr'>cum</span> <span class='ocrx_word' id='word_1_22' title='bbox 391 889 537 970; x_wconf 89' lang='lat' dir='ltr'>coniuge</span> <span class='ocrx_word' id='word_1_23' title='bbox 571 886 704 970; x_wconf 89' lang='lat' dir='ltr'>Pyrrha</span> <span class='ocrx_word' id='word_1_24' title='bbox 737 887 822 954; x_wconf 89' lang='lat' dir='ltr'>solis</span> <span class='ocrx_word' id='word_1_25' title='bbox 855 887 1099 971; x_wconf 82' lang='lat' dir='ltr'>superstitibus</span> <span class='ocrx_word' id='word_1_26' title='bbox 1134 907 1212 956; x_wconf 92' lang='lat' dir='ltr'>esse</span> <span class='ocrx_word' id='word_1_27' title='bbox 1247 907 1329 955; x_wconf 92' lang='lat' dir='ltr'>con·</span> 
     </span>
     <span class='ocr_line' id='line_1_6' title="bbox 277 996 392 1077; baseline 0 -17"><span class='ocrx_word' id='word_1_28' title='bbox 277 996 392 1077; x_wconf 91' lang='lat' dir='ltr'>tinget.</span> 
     </span>
    </p>

    <p class='ocr_par' dir='ltr' id='par_1_3' title="bbox 277 1100 1328 1839">
     <span class='ocr_line' id='line_1_7' title="bbox 321 1100 1327 1188; baseline 0.004 -20"><span class='ocrx_word' id='word_1_29' title='bbox 321 1100 455 1170; x_wconf 81' lang='lat' dir='ltr'>fabulae</span> <span class='ocrx_word' id='word_1_30' title='bbox 489 1121 558 1171; x_wconf 92' lang='lat' dir='ltr'>non</span> <span class='ocrx_word' id='word_1_31' title='bbox 592 1108 711 1188; x_wconf 83' lang='lat' dir='ltr'>paucis</span> <span class='ocrx_word' id='word_1_32' title='bbox 745 1114 874 1173; x_wconf 82' lang='lat' dir='ltr'>tontum</span> <span class='ocrx_word' id='word_1_33' title='bbox 905 1107 1048 1173; x_wconf 90' lang='lat' dir='ltr'>eruditis</span> <span class='ocrx_word' id='word_1_34' title='bbox 1082 1105 1280 1172; x_wconf 91' lang='lat' dir='ltr'>hominibus</span> <span class='ocrx_word' id='word_1_35' title='bbox 1309 1125 1327 1172; x_wconf 94' lang='lat' dir='ltr'>e</span> 
     </span>
     <span class='ocr_line' id='line_1_8' title="bbox 278 1211 1328 1298; baseline 0.005 -21"><span class='ocrx_word' id='word_1_36' title='bbox 278 1211 609 1296; x_wconf 90' lang='lat' dir='ltr'>mythographorum</span> <span class='ocrx_word' id='word_1_37' title='bbox 644 1215 798 1298; x_wconf 90' lang='lat' dir='ltr'>reliquiis</span> <span class='ocrx_word' id='word_1_38' title='bbox 821 1218 976 1298; x_wconf 76' lang='lat' dir='ltr'>cognitae</span> <span class='ocrx_word' id='word_1_39' title='bbox 1003 1216 1067 1284; x_wconf 96' lang='lat' dir='ltr'>sed</span> <span class='ocrx_word' id='word_1_40' title='bbox 1091 1218 1189 1282; x_wconf 90' lang='lat' dir='ltr'>cuius</span> <span class='ocrx_word' id='word_1_41' title='bbox 1212 1217 1328 1282; x_wconf 92' lang='lat' dir='ltr'>notitia</span> 
     </span>
     <span class='ocr_line' id='line_1_9' title="bbox 277 1324 1328 1407; baseline 0.002 -19"><span class='ocrx_word' id='word_1_42' title='bbox 277 1339 341 1404; x_wconf 90' lang='lat' dir='ltr'>per</span> <span class='ocrx_word' id='word_1_43' title='bbox 377 1324 609 1405; x_wconf 90' lang='lat' dir='ltr'>gratissimum</span> <span class='ocrx_word' id='word_1_44' title='bbox 647 1338 783 1407; x_wconf 94' lang='lat' dir='ltr'>poetam</span> <span class='ocrx_word' id='word_1_45' title='bbox 825 1327 983 1407; x_wconf 90' lang='lat' dir='ltr'>pervenit</span> <span class='ocrx_word' id='word_1_46' title='bbox 1020 1324 1062 1391; x_wconf 91' lang='lat' dir='ltr'>ad</span> <span class='ocrx_word' id='word_1_47' title='bbox 1099 1342 1328 1407; x_wconf 91' lang='lat' dir='ltr'>unumquem-</span> 
     </span>
     <span class='ocr_line' id='line_1_10' title="bbox 278 1431 1327 1516; baseline 0.003 -21"><span class='ocrx_word' id='word_1_48' title='bbox 278 1447 345 1512; x_wconf 89' lang='lat' dir='ltr'>que</span> <span class='ocrx_word' id='word_1_49' title='bbox 390 1444 423 1496; x_wconf 84' lang='lat' dir='ltr'>et</span> <span class='ocrx_word' id='word_1_50' title='bbox 466 1450 744 1516; x_wconf 82' lang='lat' dir='ltr'>unamquamque</span> <span class='ocrx_word' id='word_1_51' title='bbox 782 1452 859 1499; x_wconf 93' lang='lat' dir='ltr'>cum</span> <span class='ocrx_word' id='word_1_52' title='bbox 905 1453 986 1500; x_wconf 91' lang='lat' dir='ltr'>cura</span> <span class='ocrx_word' id='word_1_53' title='bbox 1030 1435 1077 1499; x_wconf 73' lang='lat' dir='ltr'>in&#39;</span> <span class='ocrx_word' id='word_1_54' title='bbox 1102 1431 1232 1499; x_wconf 85' lang='lat' dir='ltr'>iontem</span> <span class='ocrx_word' id='word_1_55' title='bbox 1277 1435 1327 1498; x_wconf 90' lang='lat' dir='ltr'>in-</span> 
     </span>
     <span class='ocr_line' id='line_1_11' title="bbox 278 1540 1324 1626; baseline 0.003 -22"><span class='ocrx_word' id='word_1_56' title='bbox 278 1540 418 1622; x_wconf 92' lang='lat' dir='ltr'>quirere</span> <span class='ocrx_word' id='word_1_57' title='bbox 454 1542 488 1606; x_wconf 93' lang='lat' dir='ltr'>in</span> <span class='ocrx_word' id='word_1_58' title='bbox 527 1543 641 1606; x_wconf 93' lang='lat' dir='ltr'>animo</span> <span class='ocrx_word' id='word_1_59' title='bbox 679 1555 740 1624; x_wconf 85' lang='lat' dir='ltr'>est,</span> <span class='ocrx_word' id='word_1_60' title='bbox 785 1561 854 1625; x_wconf 90' lang='lat' dir='ltr'>quo</span> <span class='ocrx_word' id='word_1_61' title='bbox 892 1543 1116 1626; x_wconf 87' lang='lat' dir='ltr'>dispiciamus</span> <span class='ocrx_word' id='word_1_62' title='bbox 1154 1540 1324 1609; x_wconf 84' lang='lat' dir='ltr'>referatne</span> 
     </span>
     <span class='ocr_line' id='line_1_12' title="bbox 279 1648 1325 1736; baseline 0 -22"><span class='ocrx_word' id='word_1_63' title='bbox 279 1665 401 1715; x_wconf 90' lang='lat' dir='ltr'>revera</span> <span class='ocrx_word' id='word_1_64' title='bbox 424 1648 612 1716; x_wconf 82' lang='lat' dir='ltr'>Arcadicae</span> <span class='ocrx_word' id='word_1_65' title='bbox 636 1648 770 1717; x_wconf 82' lang='lat' dir='ltr'>fabulae</span> <span class='ocrx_word' id='word_1_66' title='bbox 804 1654 968 1734; x_wconf 90' lang='lat' dir='ltr'>integram</span> <span class='ocrx_word' id='word_1_67' title='bbox 1003 1666 1103 1736; x_wconf 93' lang='lat' dir='ltr'>atque</span> <span class='ocrx_word' id='word_1_68' title='bbox 1141 1652 1325 1733; x_wconf 85' lang='lat' dir='ltr'>genuinam</span> 
     </span>
     <span class='ocr_line' id='line_1_13' title="bbox 277 1752 887 1839; baseline 0.003 -17"><span class='ocrx_word' id='word_1_69' title='bbox 277 1759 432 1839; x_wconf 87' lang='lat' dir='ltr'>speciem</span> <span class='ocrx_word' id='word_1_70' title='bbox 456 1775 576 1824; x_wconf 90' lang='lat' dir='ltr'>necne.</span> <span class='ocrx_word' id='word_1_71' title='bbox 884 1752 887 1757; x_wconf 80' lang='grc'><strong>’</strong></span> 
     </span>
    </p>

    <p class='ocr_par' dir='ltr' id='par_1_4' title="bbox 277 1863 1328 2926">
     <span class='ocr_line' id='line_1_14' title="bbox 319 1863 1327 1951; baseline 0.001 -21"><span class='ocrx_word' id='word_1_72' title='bbox 319 1863 444 1931; x_wconf 92' lang='lat' dir='ltr'>obiciat</span> <span class='ocrx_word' id='word_1_73' title='bbox 466 1864 549 1931; x_wconf 92' lang='lat' dir='ltr'>mihi</span> <span class='ocrx_word' id='word_1_74' title='bbox 572 1866 694 1951; x_wconf 93' lang='lat' dir='ltr'>aliquis</span> <span class='ocrx_word' id='word_1_75' title='bbox 712 1864 881 1935; x_wconf 91' lang='lat' dir='ltr'>Ovidium</span> <span class='ocrx_word' id='word_1_76' title='bbox 905 1883 938 1935; x_wconf 85' lang='lat' dir='ltr'>et</span> <span class='ocrx_word' id='word_1_77' title='bbox 960 1868 1089 1936; x_wconf 92' lang='lat' dir='ltr'>hancce</span> <span class='ocrx_word' id='word_1_78' title='bbox 1113 1866 1271 1935; x_wconf 87' lang='lat' dir='ltr'>fabellam</span> <span class='ocrx_word' id='word_1_79' title='bbox 1294 1879 1327 1933; x_wconf 93' lang='lat' dir='ltr'>et</span> 
     </span>
     <span class='ocr_line' id='line_1_15' title="bbox 277 1971 1327 2061; baseline 0.002 -22"><span class='ocrx_word' id='word_1_80' title='bbox 277 1971 359 2039; x_wconf 90' lang='lat' dir='ltr'>alias</span> <span class='ocrx_word' id='word_1_81' title='bbox 382 1992 492 2056; x_wconf 89' lang='lat' dir='ltr'>aeque</span> <span class='ocrx_word' id='word_1_82' title='bbox 519 1991 655 2058; x_wconf 92' lang='lat' dir='ltr'>apertas</span> <span class='ocrx_word' id='word_1_83' title='bbox 689 1996 727 2044; x_wconf 93' lang='lat' dir='ltr'>ac</span> <span class='ocrx_word' id='word_1_84' title='bbox 760 1978 937 2061; x_wconf 87' lang='lat' dir='ltr'>simplices</span> <span class='ocrx_word' id='word_1_85' title='bbox 971 1976 1060 2044; x_wconf 93' lang='lat' dir='ltr'>bene</span> <span class='ocrx_word' id='word_1_86' title='bbox 1095 1976 1217 2043; x_wconf 92' lang='lat' dir='ltr'>multas</span> <span class='ocrx_word' id='word_1_87' title='bbox 1252 1979 1327 2042; x_wconf 91' lang='lat' dir='ltr'>sine</span> 
     </span>
     <span class='ocr_line' id='line_1_16' title="bbox 277 2079 1328 2167; baseline -0.001 -20"><span class='ocrx_word' id='word_1_88' title='bbox 277 2079 347 2148; x_wconf 90' lang='lat' dir='ltr'>ullo</span> <span class='ocrx_word' id='word_1_89' title='bbox 371 2084 501 2165; x_wconf 89' lang='lat' dir='ltr'>scripto</span> <span class='ocrx_word' id='word_1_90' title='bbox 535 2081 630 2150; x_wconf 83' lang='lat' dir='ltr'>fonte</span> <span class='ocrx_word' id='word_1_91' title='bbox 654 2088 854 2151; x_wconf 85' lang='lat' dir='ltr'>memoriter</span> <span class='ocrx_word' id='word_1_92' title='bbox 877 2103 1056 2167; x_wconf 90' lang='lat' dir='ltr'>exponere</span> <span class='ocrx_word' id='word_1_93' title='bbox 1080 2086 1247 2166; x_wconf 91' lang='lat' dir='ltr'>potuisse.</span> <span class='ocrx_word' id='word_1_94' title='bbox 1292 2096 1328 2147; x_wconf 84' lang='lat' dir='ltr'>ut</span> 
     </span>
     <span class='ocr_line' id='line_1_17' title="bbox 277 2189 1327 2274; baseline -0.002 -17"><span class='ocrx_word' id='word_1_95' title='bbox 277 2190 465 2258; x_wconf 88' lang='lat' dir='ltr'>concedam</span> <span class='ocrx_word' id='word_1_96' title='bbox 500 2194 656 2274; x_wconf 90' lang='lat' dir='ltr'>potuisse</span> <span class='ocrx_word' id='word_1_97' title='bbox 689 2227 729 2236; x_wconf 90' lang='lat'>—</span> <span class='ocrx_word' id='word_1_98' title='bbox 763 2210 841 2259; x_wconf 94' lang='lat' dir='ltr'>nam</span> <span class='ocrx_word' id='word_1_99' title='bbox 875 2210 988 2274; x_wconf 92' lang='lat' dir='ltr'>neque</span> <span class='ocrx_word' id='word_1_100' title='bbox 1021 2189 1095 2258; x_wconf 91' lang='lat' dir='ltr'>aliis</span> <span class='ocrx_word' id='word_1_101' title='bbox 1129 2189 1214 2256; x_wconf 92' lang='lat' dir='ltr'>locis</span> <span class='ocrx_word' id='word_1_102' title='bbox 1249 2205 1327 2272; x_wconf 90' lang='lat' dir='ltr'>per·</span> 
     </span>
     <span class='ocr_line' id='line_1_18' title="bbox 278 2298 1325 2384; baseline -0.001 -20"><span class='ocrx_word' id='word_1_103' title='bbox 278 2299 393 2366; x_wconf 93' lang='lat' dir='ltr'>multis</span> <span class='ocrx_word' id='word_1_104' title='bbox 417 2318 530 2383; x_wconf 92' lang='lat' dir='ltr'>neque</span> <span class='ocrx_word' id='word_1_105' title='bbox 553 2302 587 2365; x_wconf 94' lang='lat' dir='ltr'>in</span> <span class='ocrx_word' id='word_1_106' title='bbox 610 2298 782 2384; x_wconf 87' lang='lat' dir='ltr'>Lycaonis</span> <span class='ocrx_word' id='word_1_107' title='bbox 806 2298 918 2366; x_wconf 81' lang='lat' dir='ltr'>fabula</span> <span class='ocrx_word' id='word_1_108' title='bbox 947 2301 1083 2365; x_wconf 92' lang='lat' dir='ltr'>invictis</span> <span class='ocrx_word' id='word_1_109' title='bbox 1117 2300 1325 2381; x_wconf 85' lang='lat' dir='ltr'>argumentis</span> 
     </span>
     <span class='ocr_line' id='line_1_19' title="bbox 278 2407 1325 2492; baseline -0.004 -17"><span class='ocrx_word' id='word_1_110' title='bbox 278 2408 507 2476; x_wconf 90' lang='lat' dir='ltr'>demonstrari</span> <span class='ocrx_word' id='word_1_111' title='bbox 531 2422 645 2492; x_wconf 91' lang='lat' dir='ltr'>potest</span> <span class='ocrx_word' id='word_1_112' title='bbox 668 2422 791 2492; x_wconf 93' lang='lat' dir='ltr'>poetae</span> <span class='ocrx_word' id='word_1_113' title='bbox 814 2408 1015 2475; x_wconf 89' lang='lat' dir='ltr'>auxiliarem</span> <span class='ocrx_word' id='word_1_114' title='bbox 1038 2407 1163 2474; x_wconf 88' lang='lat' dir='ltr'>librum</span> <span class='ocrx_word' id='word_1_115' title='bbox 1187 2420 1325 2490; x_wconf 91' lang='lat' dir='ltr'>praesto</span> 
     </span>
     <span class='ocr_line' id='line_1_20' title="bbox 278 2516 1326 2597; baseline -0.003 -13"><span class='ocrx_word' id='word_1_116' title='bbox 278 2516 386 2584; x_wconf 82' lang='lat' dir='ltr'>luisse</span> <span class='ocrx_word' id='word_1_117' title='bbox 409 2516 635 2584; x_wconf 92' lang='lat' dir='ltr'>-addubito</span> <span class='ocrx_word' id='word_1_118' title='bbox 659 2532 772 2584; x_wconf 89' lang='lat' dir='ltr'>tamen</span> <span class='ocrx_word' id='word_1_119' title='bbox 796 2537 878 2583; x_wconf 95' lang='lat' dir='ltr'>num</span> <span class='ocrx_word' id='word_1_120' title='bbox 901 2516 1031 2585; x_wconf 88' lang='lat' dir='ltr'>iecerit.</span> <span class='ocrx_word' id='word_1_121' title='bbox 1075 2531 1148 2583; x_wconf 90' lang='lat' dir='ltr'>utut</span> <span class='ocrx_word' id='word_1_122' title='bbox 1172 2529 1233 2597; x_wconf 83' lang='lat' dir='ltr'>est,</span> <span class='ocrx_word' id='word_1_123' title='bbox 1257 2533 1326 2581; x_wconf 93' lang='lat' dir='ltr'>non</span> 
     </span>
     <span class='ocr_line' id='line_1_21' title="bbox 279 2623 1327 2708; baseline -0.002 -16"><span class='ocrx_word' id='word_1_124' title='bbox 279 2625 422 2692; x_wconf 84' lang='lat' dir='ltr'>multum</span> <span class='ocrx_word' id='word_1_125' title='bbox 446 2629 598 2693; x_wconf 90' lang='lat' dir='ltr'>interest.</span> <span class='ocrx_word' id='word_1_126' title='bbox 643 2628 788 2692; x_wconf 92' lang='lat' dir='ltr'>sienim</span> <span class='ocrx_word' id='word_1_127' title='bbox 822 2629 911 2693; x_wconf 94' lang='lat' dir='ltr'>inter</span> <span class='ocrx_word' id='word_1_128' title='bbox 944 2625 1168 2693; x_wconf 90' lang='lat' dir='ltr'>scribendum</span> <span class='ocrx_word' id='word_1_129' title='bbox 1191 2623 1327 2708; x_wconf 87' lang='lat' dir='ltr'>mytho-</span> 
     </span>
     <span class='ocr_line' id='line_1_22' title="bbox 277 2732 1328 2818; baseline 0 -18"><span class='ocrx_word' id='word_1_130' title='bbox 277 2732 446 2818; x_wconf 91' lang='lat' dir='ltr'>graphum</span> <span class='ocrx_word' id='word_1_131' title='bbox 470 2748 527 2801; x_wconf 90' lang='lat' dir='ltr'>aut</span> <span class='ocrx_word' id='word_1_132' title='bbox 549 2747 686 2817; x_wconf 93' lang='lat' dir='ltr'>poetam</span> <span class='ocrx_word' id='word_1_133' title='bbox 720 2733 927 2818; x_wconf 90' lang='lat' dir='ltr'>aliquotiens</span> <span class='ocrx_word' id='word_1_134' title='bbox 961 2734 1003 2801; x_wconf 96' lang='lat' dir='ltr'>ad</span> <span class='ocrx_word' id='word_1_135' title='bbox 1037 2753 1176 2801; x_wconf 95' lang='lat' dir='ltr'>manum</span> <span class='ocrx_word' id='word_1_136' title='bbox 1210 2733 1328 2801; x_wconf 90' lang='lat' dir='ltr'>habuit</span> 
     </span>
     <span class='ocr_line' id='line_1_23' title="bbox 278 2841 1327 2926; baseline 0 -18"><span class='ocrx_word' id='word_1_137' title='bbox 278 2844 464 2925; x_wconf 88' lang='lat' dir='ltr'>neminem,</span> <span class='ocrx_word' id='word_1_138' title='bbox 487 2846 655 2911; x_wconf 89' lang='lat' dir='ltr'>memoria</span> <span class='ocrx_word' id='word_1_139' title='bbox 688 2842 824 2911; x_wconf 84' lang='lat' dir='ltr'>tenebat</span> <span class='ocrx_word' id='word_1_140' title='bbox 857 2842 1008 2926; x_wconf 89' lang='lat' dir='ltr'>singulas</span> <span class='ocrx_word' id='word_1_141' title='bbox 1042 2841 1173 2910; x_wconf 82' lang='lat' dir='ltr'>fabulas</span> <span class='ocrx_word' id='word_1_142' title='bbox 1208 2842 1327 2926; x_wconf 91' lang='lat' dir='ltr'>quales</span> 
     </span>
    </p>
   </div>
   <div class='ocr_carea' id='block_1_3' title="bbox 183 2950 1326 3036">
    <p class='ocr_par' dir='ltr' id='par_1_5' title="bbox 183 2950 1326 3036">
     <span class='ocr_line' id='line_1_24' title="bbox 183 2950 1326 3036; baseline -0.004 -17"><span class='ocrx_word' id='word_1_143' title='bbox 183 3014 186 3019; x_wconf 87' lang='lat'>.</span> <span class='ocrx_word' id='word_1_144' title='bbox 278 2951 587 3036; x_wconf 89' lang='lat' dir='ltr'>amythographis</span> <span class='ocrx_word' id='word_1_145' title='bbox 621 2955 779 3036; x_wconf 88' lang='lat' dir='ltr'>poetisve</span> <span class='ocrx_word' id='word_1_146' title='bbox 807 2965 997 3034; x_wconf 88' lang='lat' dir='ltr'>acceperat.</span> <span class='ocrx_word' id='word_1_147' title='bbox 1041 2951 1172 3018; x_wconf 84' lang='lat' dir='ltr'>scilicet</span> <span class='ocrx_word' id='word_1_148' title='bbox 1196 2950 1326 3015; x_wconf 92' lang='lat' dir='ltr'>Romae</span> 
     </span>
    </p>
   </div>
   <div class='ocr_carea' id='block_1_4' title="bbox 277 3059 1327 3997">
    <p class='ocr_par' dir='ltr' id='par_1_6' title="bbox 277 3059 1134 3144">
     <span class='ocr_line' id='line_1_25' title="bbox 277 3059 1134 3144; baseline -0.004 -17"><span class='ocrx_word' id='word_1_149' title='bbox 277 3064 498 3143; x_wconf 84' lang='lat' dir='ltr'>graecanicae</span> <span class='ocrx_word' id='word_1_150' title='bbox 521 3060 655 3129; x_wconf 87' lang='lat' dir='ltr'>fabulae</span> <span class='ocrx_word' id='word_1_151' title='bbox 678 3080 747 3127; x_wconf 94' lang='lat' dir='ltr'>non</span> <span class='ocrx_word' id='word_1_152' title='bbox 772 3075 867 3129; x_wconf 93' lang='lat' dir='ltr'>erant</span> <span class='ocrx_word' id='word_1_153' title='bbox 890 3065 924 3127; x_wconf 95' lang='lat' dir='ltr'>in</span> <span class='ocrx_word' id='word_1_154' title='bbox 947 3079 1009 3127; x_wconf 90' lang='lat' dir='ltr'>ore</span> <span class='ocrx_word' id='word_1_155' title='bbox 1031 3059 1134 3144; x_wconf 88' lang='lat' dir='ltr'>vulgi.</span> 
     </span>
    </p>

    <p class='ocr_par' dir='ltr' id='par_1_7' title="bbox 277 3166 1327 3904">
     <span class='ocr_line' id='line_1_26' title="bbox 321 3166 1326 3253; baseline -0.005 -16"><span class='ocrx_word' id='word_1_156' title='bbox 321 3170 505 3237; x_wconf 90' lang='lat' dir='ltr'>concilium</span> <span class='ocrx_word' id='word_1_157' title='bbox 540 3170 701 3253; x_wconf 90' lang='lat' dir='ltr'>deorum,</span> <span class='ocrx_word' id='word_1_158' title='bbox 739 3173 802 3237; x_wconf 91' lang='lat' dir='ltr'>etsi</span> <span class='ocrx_word' id='word_1_159' title='bbox 840 3170 938 3237; x_wconf 92' lang='lat' dir='ltr'>locus</span> <span class='ocrx_word' id='word_1_160' title='bbox 972 3169 1052 3235; x_wconf 94' lang='lat' dir='ltr'>inde</span> <span class='ocrx_word' id='word_1_161' title='bbox 1092 3168 1133 3236; x_wconf 92' lang='lat' dir='ltr'>ab</span> <span class='ocrx_word' id='word_1_162' title='bbox 1168 3166 1326 3234; x_wconf 88' lang='lat' dir='ltr'>Homero</span> 
     </span>
     <span class='ocr_line' id='line_1_27' title="bbox 277 3277 1327 3362; baseline -0.001 -19"><span class='ocrx_word' id='word_1_163' title='bbox 277 3277 412 3345; x_wconf 90' lang='lat' dir='ltr'>vatibus</span> <span class='ocrx_word' id='word_1_164' title='bbox 436 3281 534 3345; x_wconf 90' lang='lat' dir='ltr'>tritus</span> <span class='ocrx_word' id='word_1_165' title='bbox 558 3293 658 3362; x_wconf 85' lang='lat' dir='ltr'>atque</span> <span class='ocrx_word' id='word_1_166' title='bbox 682 3281 877 3346; x_wconf 93' lang='lat' dir='ltr'>communis</span> <span class='ocrx_word' id='word_1_167' title='bbox 900 3277 971 3361; x_wconf 78' lang='lat' dir='ltr'>luit,</span> <span class='ocrx_word' id='word_1_168' title='bbox 1005 3297 1069 3344; x_wconf 92' lang='lat' dir='ltr'>suo</span> <span class='ocrx_word' id='word_1_169' title='bbox 1093 3296 1190 3344; x_wconf 90' lang='lat' dir='ltr'>more</span> <span class='ocrx_word' id='word_1_170' title='bbox 1215 3290 1327 3344; x_wconf 92' lang='lat' dir='ltr'>tamen</span> 
     </span>
     <span class='ocr_line' id='line_1_28' title="bbox 279 3385 1326 3470; baseline -0.002 -18"><span class='ocrx_word' id='word_1_171' title='bbox 279 3385 451 3454; x_wconf 92' lang='lat' dir='ltr'>rhetorice</span> <span class='ocrx_word' id='word_1_172' title='bbox 486 3389 666 3453; x_wconf 85' lang='lat' dir='ltr'>exornavit</span> <span class='ocrx_word' id='word_1_173' title='bbox 699 3401 800 3470; x_wconf 93' lang='lat' dir='ltr'>poeta</span> <span class='ocrx_word' id='word_1_174' title='bbox 831 3387 1009 3455; x_wconf 91' lang='lat' dir='ltr'>Romanus</span> <span class='ocrx_word' id='word_1_175' title='bbox 1043 3406 1107 3454; x_wconf 94' lang='lat' dir='ltr'>nec</span> <span class='ocrx_word' id='word_1_176' title='bbox 1140 3386 1326 3470; x_wconf 90' lang='lat' dir='ltr'>quidquam</span> 
     </span>
     <span class='ocr_line' id='line_1_29' title="bbox 279 3492 1326 3579; baseline -0.004 -18"><span class='ocrx_word' id='word_1_177' title='bbox 279 3498 368 3562; x_wconf 84' lang='lat' dir='ltr'>inter</span> <span class='ocrx_word' id='word_1_178' title='bbox 405 3492 564 3563; x_wconf 85' lang='lat' dir='ltr'>Graecae</span> <span class='ocrx_word' id='word_1_179' title='bbox 608 3514 759 3579; x_wconf 90' lang='lat' dir='ltr'>poeseos</span> <span class='ocrx_word' id='word_1_180' title='bbox 804 3497 966 3579; x_wconf 90' lang='lat' dir='ltr'>reliquias</span> <span class='ocrx_word' id='word_1_181' title='bbox 1011 3498 1161 3563; x_wconf 90' lang='lat' dir='ltr'>occurrit</span> <span class='ocrx_word' id='word_1_182' title='bbox 1205 3492 1326 3561; x_wconf 88' lang='lat' dir='ltr'>simile.</span> 
     </span>
     <span class='ocr_line' id='line_1_30' title="bbox 280 3602 1327 3688; baseline -0.005 -17"><span class='ocrx_word' id='word_1_183' title='bbox 280 3623 386 3688; x_wconf 93' lang='lat' dir='ltr'>quare</span> <span class='ocrx_word' id='word_1_184' title='bbox 419 3602 522 3670; x_wconf 92' lang='lat' dir='ltr'>huius</span> <span class='ocrx_word' id='word_1_185' title='bbox 556 3618 649 3671; x_wconf 89' lang='lat' dir='ltr'>certe</span> <span class='ocrx_word' id='word_1_186' title='bbox 683 3603 817 3672; x_wconf 81' lang='lat' dir='ltr'>fabulae</span> <span class='ocrx_word' id='word_1_187' title='bbox 847 3608 953 3688; x_wconf 89' lang='lat' dir='ltr'>partis</span> <span class='ocrx_word' id='word_1_188' title='bbox 977 3606 1238 3672; x_wconf 92' lang='lat' dir='ltr'>exornationem</span> <span class='ocrx_word' id='word_1_189' title='bbox 1261 3603 1327 3685; x_wconf 91' lang='lat' dir='ltr'>ipsi</span> 
     </span>
     <span class='ocr_line' id='line_1_31' title="bbox 279 3709 1327 3796; baseline -0.005 -16"><span class='ocrx_word' id='word_1_190' title='bbox 279 3715 455 3796; x_wconf 88' lang='lat' dir='ltr'>assignare</span> <span class='ocrx_word' id='word_1_191' title='bbox 497 3730 600 3779; x_wconf 86' lang='lat' dir='ltr'>nemo</span> <span class='ocrx_word' id='word_1_192' title='bbox 641 3711 740 3780; x_wconf 82' lang='lat' dir='ltr'>facite</span> <span class='ocrx_word' id='word_1_193' title='bbox 781 3712 956 3780; x_wconf 88' lang='lat' dir='ltr'>dubitabit.</span> <span class='ocrx_word' id='word_1_194' title='bbox 1018 3712 1106 3780; x_wconf 89' lang='lat' dir='ltr'>adde</span> <span class='ocrx_word' id='word_1_195' title='bbox 1143 3711 1237 3795; x_wconf 94' lang='lat' dir='ltr'>quod</span> <span class='ocrx_word' id='word_1_196' title='bbox 1274 3709 1327 3776; x_wconf 89' lang='lat' dir='ltr'>bis</span> 
     </span>
     <span class='ocr_line' id='line_1_32' title="bbox 280 3821 1181 3904; baseline -0.003 -17"><span class='ocrx_word' id='word_1_197' title='bbox 280 3834 459 3904; x_wconf 88' lang='lat' dir='ltr'>praeterea</span> <span class='ocrx_word' id='word_1_198' title='bbox 482 3840 599 3887; x_wconf 90' lang='lat' dir='ltr'>rerum</span> <span class='ocrx_word' id='word_1_199' title='bbox 622 3821 854 3889; x_wconf 90' lang='lat' dir='ltr'>Romanarum</span> <span class='ocrx_word' id='word_1_200' title='bbox 879 3824 1007 3889; x_wconf 92' lang='lat' dir='ltr'>mentio</span> <span class='ocrx_word' id='word_1_201' title='bbox 1031 3822 1181 3887; x_wconf 91' lang='lat' dir='ltr'>inicitur:</span> 
     </span>
    </p>

    <p class='ocr_par' dir='ltr' id='par_1_8' title="bbox 322 3927 1128 3997">
     <span class='ocr_line' id='line_1_33' title="bbox 322 3927 1128 3997; baseline 0.001 -4"><span class='ocrx_word' id='word_1_202' title='bbox 322 3927 344 3993; x_wconf 94' lang='lat' dir='ltr'>l.</span> <span class='ocrx_word' id='word_1_203' title='bbox 371 3933 435 3994; x_wconf 86' lang='lat'>175</span> <span class='ocrx_word' id='word_1_204' title='bbox 460 3929 565 3996; x_wconf 89' lang='lat' dir='ltr'>aedes</span> <span class='ocrx_word' id='word_1_205' title='bbox 588 3928 679 3996; x_wconf 88' lang='lat' dir='ltr'>lovis</span> <span class='ocrx_word' id='word_1_206' title='bbox 703 3930 863 3997; x_wconf 90' lang='lat' dir='ltr'>dicuntur</span> <span class='ocrx_word' id='word_1_207' title='bbox 886 3929 1009 3997; x_wconf 87' lang='lat' dir='ltr'>Palatia</span> <span class='ocrx_word' id='word_1_208' title='bbox 1033 3928 1128 3995; x_wconf 90' lang='lat' dir='ltr'>caeli.</span> 
     </span>
    </p>
   </div>
   <div class='ocr_carea' id='block_1_5' title="bbox 0 0 1497 4546">
    <p class='ocr_par' dir='ltr' id='par_1_9' title="bbox 0 0 1497 4546">
     <span class='ocr_line' id='line_1_34' title="bbox 0 0 1497 4546; baseline 0 0"><span class='ocrx_word' id='word_1_209' title='bbox 0 0 1497 4546; x_wconf 95' lang='lat' dir='ltr'> </span> 
     </span>
    </p>
   </div>
  </div>
 </body>
</html>
