2978 4546
760 353 879 463 (tt)

335 528 398 595 sed
422 547 466 595 ex
491 527 545 593 hIs
566 525 598 593 V
621 528 760 611 oppidis
784 526 825 593 III
853 530 954 595 etiam
987 547 1049 595 sua
1084 541 1192 594 aetate
1223 545 1347 611 super·

294 635 402 705 luisse
423 636 504 702 dicit
522 634 710 703 Pausanias
732 635 934 703 Helissonta
952 633 1029 719 (62)
1053 635 1243 703 Pallantion
1266 634 1345 719 (63)

293 744 459 829 Aliphera
490 743 584 828 (64);
618 743 791 812 Macariae
827 742 905 828 (65)
942 758 975 812 et
1007 742 1145 827 Lycoae
1176 742 1255 827 (66)
1290 743 1347 812 ille

293 854 434 938 quidem
458 872 497 920 se
520 856 637 920 ruinas
659 854 791 921 vidIsse
815 866 968 937 testatur,
995 853 1059 921 sed
1081 852 1268 920 Macariam
1290 853 1347 920 vel

294 963 531 1030 Romanorum
559 976 667 1030 aetate
695 965 852 1031 extitisse
875 964 1104 1046 cognovimus
1128 981 1147 1028 e
1171 961 1348 1045 Stephano

294 1071 487 1155 ByzantIno
505 1069 595 1155 (67),
622 1071 738 1156 Lycoa
762 1075 863 1141 etiam
886 1071 1034 1155 Polybio
1058 1069 1138 1154 (68)
1164 1084 1243 1138 nota
1267 1084 1348 1138 erat.

337 1228 355 1275 e
379 1210 504 1275 ceteris
527 1220 640 1274 autem
664 1207 723 1274 XII
746 1226 892 1275 numero
917 1207 1067 1292 oppidis,
1098 1206 1192 1273 unde
1215 1204 1349 1272 incolae

294 1315 529 1400 Megalopolin
564 1314 710 1400 proiecti
745 1331 834 1399 sunt,
868 1335 1018 1400 quorum
1052 1315 1193 1399 quidem
1227 1312 1350 1380 biblio-

294 1423 392 1491 theca
421 1441 616 1508 eponymos
651 1442 720 1491 non
757 1424 875 1507 habet,
909 1423 954 1491 XI
981 1444 1043 1492 sua
1067 1437 1175 1492 aetate
1198 1442 1267 1490 non
1291 1443 1351 1490 ex-

295 1534 404 1600 titisse
427 1533 556 1600 diserte
585 1547 728 1601 testatur
750 1533 957 1616 Pausanias,
984 1533 1210 1617 Methydrion
1236 1545 1349 1600 autem

296 1661 340 1708 ex
363 1642 496 1726 oppido
518 1645 635 1709 vicum
659 1641 784 1710 lactum
809 1661 898 1710 esse.

337 1775 390 1842 his
414 1779 610 1860 perpensis,
644 1791 737 1844 recte
771 1790 922 1845 statuere
958 1777 1041 1843 mihi
1070 1778 1196 1844 videor
1218 1776 1348 1844 Iontem

294 1884 486 1953 Pausaniae
503 1887 745 1970 antIquiorem,
767 1885 997 1954 bibilothecae
1013 1888 1247 1954 recentiorem
1270 1904 1349 1952 esse

296 2011 323 2059 a.
339 1997 422 2076 370,
444 2011 515 2077 quo
538 1994 769 2079 Megalopolis
790 1996 894 2063 condi
918 2008 1040 2078 coepta
1064 2008 1126 2062 est.
1157 1993 1349 2079 TrIphylus

296 2102 397 2184 igitur
419 2102 511 2186 apud
533 2101 738 2170 Pausaniam
762 2105 852 2171 inter
873 2104 1019 2171 Arcadis
1052 2103 1141 2171 illios
1164 2119 1350 2190 propterea

297 2227 366 2275 non
391 2225 577 2294 comparet,
611 2212 706 2294 quod
739 2213 894 2279 nondum
923 2226 1058 2280 creatus
1081 2212 1200 2281 luerat.
1245 2233 1350 2297 quem

296 2319 406 2386 semel
440 2321 618 2387 inventum
652 2340 670 2388 e
704 2323 871 2388 memoria
905 2320 1245 2406 Peloponnesiorum
1279 2342 1349 2391 non

297 2430 483 2497 evanuisse
505 2443 648 2497 testatur
669 2429 837 2513 Polybius
861 2427 951 2514 (69).

340 2563 467 2644 quodsi
500 2565 616 2631 statuit
639 2563 796 2631 Hillerus
819 2563 1024 2632 Pausaniam
1047 2564 1213 2649 Apolloni
1240 2565 1351 2649 Argo-

297 2673 441 2738 nauticis
458 2670 537 2755 (70)
562 2692 664 2739 usum
681 2692 760 2741 esse
776 2674 819 2740 ad
835 2675 979 2757 stirpem
995 2674 1071 2741 Alei
1088 2672 1350 2758 conficiendam,

329 2985 385 3052 (62)
403 2986 473 3042 VIII.
490 2988 564 3042 277
583 2997 610 3043 et
627 2989 671 3042 30.
688 2991 709 3042 I.

331 3069 388 3138 (63)
407 3070 475 3124 VIII.
492 3072 566 3126 277
585 3082 613 3126 et
630 3073 673 3126 43.
689 3075 710 3126 1.

330 3154 387 3223 (64)
407 3155 475 3210 VIII.
492 3157 567 3210 26.5
586 3165 613 3211 et
630 3157 714 3211 277.

329 3237 387 3304 (65)
406 3238 475 3294 VIII.
492 3240 538 3293 36.
549 3240 575 3295 9.

331 3321 388 3388 (66)
408 3322 476 3376 VIII.
493 3324 538 3377 36.
551 3324 576 3377 7.

330 3404 387 3473 (67)
406 3408 558 3478 Μακαρέω·
573 3404 649 3466 πόλις
662 3408 819 3478 Ἀρκαδίας.
830 3447 852 3459 ..
871 3411 936 3461 auctr*
957 3408 986 3462 δὲ·
1000 3407 1144 3480 ‘Patauinae
1165 3411 1256 3462 Badra.

331 3487 389 3554 (68)
407 3489 478 3543 XVI.
499 3491 539 3543 17.

331 3580 388 3648 (69)
405 3580 450 3635 IV.
467 3582 503 3634 77
528 3583 576 3648 τὴν
597 3586 753 3654 Τριφολίον,
778 3582 853 3651 litha
868 3585 917 3657 μὲν
937 3587 1115 3658 προσηγορίας
1140 3585 1238 3657 τέτευχε
1262 3581 1351 3649 ταύτης

298 3663 351 3719 ἀπὸ
372 3664 507 3736 Τροφῦλοο
525 3667 577 3719 τῶν
589 3663 726 3739 Ἀρκάδος
742 3669 849 3722 παίδων
866 3669 937 3728 ἑνός.

331 3756 388 3826 (70)
408 3758 500 3826 Apoll.
518 3758 623 3826 Argon.
642 3759 659 3814 I.
683 3761 730 3814 161
746 3776 808 3829 sqq.
844 3761 928 3816 Paus.
944 3760 1013 3814 VIII.
1031 3762 1057 3814 4.
1074 3763 1168 3828 8sqq.
1198 3761 1351 3827 utrobique

298 3850 452 3896 occurrunt
469 3843 615 3912 Lycurgus
635 3844 843 3912 Amphidamas
863 3843 1001 3912 Cepheus
1021 3844 1072 3898 lllli
1091 3843 1156 3897 Alei
1176 3851 1203 3897 et
1215 3842 1350 3897 Ancaeus

298 3927 418 3994 Lycurgi
436 3926 521 3982 Illius.
