2978 4546
751 352 869 456 (tl)

288 519 401 604 pibus,
434 523 530 587 tertia
555 519 632 603 (41)
658 523 778 605 paucis
806 534 941 588 enarrat
968 521 1145 588 historiam
1171 519 1338 586 Arcadiae

288 630 369 696 inde
392 649 409 695 a
434 629 524 697 bello
548 628 702 697 Troiano
726 650 837 715 usque
861 631 903 697 ad
928 629 1052 698 foedus
1076 628 1276 696 Achaicum.

330 756 383 822 his
418 754 523 822 rebus
557 756 599 822 ad
633 754 736 823 linem
771 755 948 839 perductis
972 753 1159 821 Pausanias
1187 755 1221 821 id
1244 755 1338 839 quod

288 863 353 930 sibi
377 865 472 931 initio
503 878 735 948 proposuerat
761 877 923 947 repetens
947 864 989 930 ad
1012 862 1163 947 Tegeam
1187 877 1220 930 et
1242 863 1340 930 Man·

288 975 413 1039 tineam
437 991 501 1041 nos
526 973 666 1057 relegat:

328 1097 384 1165 VI.
398 1105 429 1164 4.
456 1101 540 1165 είσίν
555 1096 614 1166 οὖν
635 1099 664 1174 ἒς
682 1097 856 1186 Ἀρκαδίαν
875 1098 1005 1181 ἐσβολαὶ
1027 1096 1109 1163 κατὰ
1124 1095 1182 1182 την
1197 1097 1339 1181 Ἀργείαν

286 1205 371 1290 πρὸς
391 1208 451 1289 μὲν
468 1205 593 1274 Ὑσιῶν
614 1211 667 1273 καὶ
688 1205 771 1294 ὑπὲρ
795 1205 833 1272 τό
858 1206 932 1294 ὄρος
953 1205 990 1272 τό
1016 1210 1207 1293 Παρθένιον
1228 1207 1259 1283 ἐς
1280 1205 1338 1290 την

288 1314 478 1400 Τεγεατικήν
500 1314 557 1382 δύο
579 1342 614 1381 σε
636 1316 733 1381 ἄλλαι
753 1317 837 1381 κατὰ
857 1322 1063 1382 Μαντίνειαν
1085 1313 1140 1380 διά
1161 1341 1196 1380 σε
1218 1320 1339 1402 Πρίνου

286 1425 481 1510 καλουμένης
500 1428 554 1490 καὶ
576 1422 629 1490 διὰ
652 1425 820 1508 Κλίμακος.

329 1551 412 1635 quid
437 1551 568 1618 multa?
602 1551 679 1618 luce
703 1551 828 1618 clarius
852 1564 904 1618 est
927 1550 1131 1618 Pausaniam
1155 1551 1338 1618 exordium

288 1659 426 1726 aliunde
450 1659 582 1726 scilicet
604 1660 827 1759 desumptum
851 1661 1054 1741 inseruisse,
1088 1659 1218 1743 reliqua
1243 1673 1339 1743 parte

288 1767 365 1834 libri
388 1781 445 1835 aut
468 1770 659 1852 perscripta
682 1782 740 1835 aut
762 1767 882 1836 saltem
906 1768 1074 1836 inchoata.

331 1904 440 1985 prima
464 1920 544 1986 pars
569 1903 691 1969 exordi
719 1905 822 1970 situm
845 1900 1015 1970 Arcadiae
1043 1905 1076 1969 in
1104 1902 1216 1969 media
1239 1901 1340 1969 Pelo-

289 2028 448 2094 ponneso
491 2010 636 2079 illustrat
680 2012 905 2079 dinumeratis
949 2010 1148 2095 regionibus
1193 2014 1340 2077 circum-

289 2119 479 2187 iacentibus
512 2139 600 2203 quae
635 2139 709 2188 eam
737 2140 755 2187 a
783 2122 867 2187 mari
902 2119 1099 2188 excludunt.
1145 2122 1178 2185 in
1211 2118 1337 2203 quibus

287 2226 417 2295 iontem
452 2247 553 2295 suum
590 2231 805 2296 contraxisse
827 2227 1032 2327 Pausaniam
1056 2229 1136 2296 inde
1160 2227 1338 2312 probabile

288 2336 323 2403 lit
346 2338 441 2421 quod
464 2337 574 2405 semel
598 2357 710 2406 nexus
733 2339 981 2405 sententiarum
1004 2339 1141 2403 vitiatus
1166 2352 1232 2404 est:
1258 2326 1264 2335 ’

328 2462 453 2539 τούτοις
474 2464 509 2528 δὲ
538 2462 601 2547 (sc.
624 2462 982 2531 Lacedaemoniorum
1005 2461 1194 2546 perioecis)
1222 2461 1339 2546 ὅμορος

287 2570 305 2656 η
322 2577 508 2657 Μεσσηνία·
530 2577 719 2654 καταβαίνει
740 2569 801 2658 γὰρ
821 2575 912 2655 μέχρι
930 2568 1101 2657 θαλάσσης
1122 2571 1153 2646 ἒς
1168 2567 1340 2655 Μοθώνην

286 2682 339 2745 καὶ
362 2678 475 2746 Πύλον
496 2683 549 2745 καὶ
571 2681 626 2746 inl
650 2676 882 2768 Κυπαρισσιάς.

330 2806 414 2889 quid
442 2806 579 2873 tandem
614 2804 678 2874 sibi
707 2806 780 2873 vult
803 2807 893 2875 istud
915 2804 1003 2889 ηάρὲ
1036 2826 1141 2874 sensu
1167 2823 1264 2873 cassa
1287 2819 1339 2871 est

288 2913 354 2981 hoc
378 2913 455 2981 loco
479 2918 676 2983 coniunctio
700 2915 857 2984 causalis.

331 3054 444 3109 cetera
479 3045 593 3110 omnia
629 3043 729 3127 plane
763 3044 948 3127 perspicua
981 3055 1070 3108 sunt.
1119 3042 1202 3123 quin
1237 3042 1338 3106 etiam

287 3163 431 3218 aetatem
466 3149 570 3220 lontis
604 3151 796 3218 delinituris
830 3168 947 3217 ansam
982 3148 1157 3233 praebent.
1202 3167 1279 3215 nam
1304 3163 1339 3214 ut

288 3261 441 3326 omittam
462 3257 571 3327 luisse
595 3278 673 3326 cum
689 3258 836 3326 Arcadia
860 3258 903 3325 ad
926 3277 1020 3326 mare
1044 3260 1232 3342 pertineret
1249 3255 1340 3341 (42),

289 3366 389 3450 longe
413 3369 551 3450 gravius
568 3380 620 3434 est
638 3368 733 3449 quod
748 3365 927 3451 Triphylia
943 3366 1140 3434 Messeniae
1164 3365 1338 3432 tribuitur:

328 3498 383 3585 τῆς
403 3500 438 3565 δὲ
460 3498 515 3585 γῆς
535 3481 591 3584 της
616 3497 744 3576 Ἠλείας
773 3498 857 3565 κατὰ
888 3501 948 3583 μὲν
976 3497 1166 3583 Ὀλυμπίαν
1197 3503 1250 3564 καί
1283 3504 1341 3564 σοι’·

280 3605 426 3696 Ἀλφειοῦ
447 3606 505 3686 τὰς
525 3606 657 3691 ἐκβολὰς
678 3607 761 3697 πρὸς
781 3607 841 3694 την
863 3614 1055 3695 Μεσσηνίαν
1076 3611 1159 3673 είσὶν
1181 3607 1260 3696 ὅροι.

321 3906 379 3974 (ιι)
399 3907 465 3961 vm.
483 3908 509 3961 a.
531 3909 604 3961 1-3.
