2978 4546
759 348 880 457 (28)

336 522 508 608 Triphylii
521 522 676 590 Arcades
694 521 832 590 luerunt
848 522 960 589 donec
982 517 1019 585 ad
1044 517 1156 586 κοινὸν
1177 517 1246 584 raia
1263 515 1350 606 Ἀρ-

294 631 403 698 addua
435 633 566 698 corruit
590 628 680 713 (52).
725 630 853 698 deinde
887 649 1009 698 rursus
1032 628 1105 696 Elei
1139 626 1216 695 lacti
1261 641 1350 695 sunt.

297 753 411 808 narrat
423 753 536 806 tamen
548 736 717 820 Polybius
733 736 811 821 (53)
825 735 929 804 Eleos
942 735 1045 820 paulo
1058 750 1135 802 ante
1152 755 1180 802 a.
1192 741 1264 803 219
1275 734 1351 804 Tri·

297 848 450 933 phyliam
482 849 518 913 vi
552 864 756 930 occupasse.
801 846 881 913 inde
914 844 956 912 ab
989 863 1079 912 anno
1102 845 1213 925 219!ss
1235 844 1352 912 Mace·

298 958 429 1024 donum
453 959 602 1041 imperio
636 956 782 1024 subiecti
816 954 964 1023 luerunt.
1013 953 1167 1023 foederis
1200 952 1352 1038 denique

297 1067 441 1134 Achaici
465 1066 545 1133 inde
568 1064 610 1133 ab
633 1083 723 1132 anno
751 1070 819 1132 199
843 1063 983 1132 luerunt
1005 1065 1202 1147 participes.

339 1175 447 1243 redeo
481 1174 524 1241 ad
559 1171 689 1242 iontem
712 1172 903 1240 Pausaniae
937 1175 996 1257 qui
1018 1170 1235 1256 Triphyliam
1258 1170 1353 1238 Mes-

297 1286 416 1351 seniae
438 1282 601 1365 adiungit.
631 1299 778 1365 quanam
801 1294 909 1348 aetate
933 1280 1000 1348 hoc
1020 1282 1183 1364 scriptori
1207 1282 1241 1346 in
1257 1298 1353 1346 men·

297 1405 366 1459 tem
388 1395 511 1460 venire
533 1392 694 1476 poterat?
738 1392 1025 1476 respondendum
1050 1404 1101 1458 est
1124 1393 1213 1459 inter
1235 1410 1264 1457 a.
1281 1394 1352 1457 398

299 1514 334 1568 et
356 1504 438 1583 370,
469 1519 547 1567 cum
574 1499 695 1584 Sparta
717 1498 919 1584 Triphylios
943 1501 1071 1584 pariter
1093 1512 1194 1583 atque
1217 1501 1353 1567 vicinos

299 1608 499 1676 Messenios
516 1610 643 1676 invitos
659 1608 724 1676 sub
743 1609 873 1677 ditione
890 1627 952 1675 sua
968 1627 1007 1675 ac
1023 1621 1191 1692 potestate
1208 1607 1354 1675 tenebat.

342 1717 482 1785 alteram
517 1718 640 1785 exordi
672 1731 805 1802 partem
839 1737 927 1801 quae
961 1719 994 1784 in
1029 1716 1171 1784 historia
1211 1715 1353 1782 fabulari

299 1840 461 1894 versatur
476 1827 562 1895 duas
585 1829 713 1911 stirpes
730 1828 891 1894 diversae
908 1829 1051 1911 originis
1075 1827 1253 1894 continere
1269 1822 1356 1892 vidit

300 1934 415 2003 Hiller
437 1935 481 2002 de
506 1932 717 2020 Giirtringen
742 1933 832 2019 (54),
865 1955 1012 2020 quarum
1047 1934 1151 2002 altera
1180 1934 1355 2019 complec-

299 2046 381 2109 titur
418 2060 518 2127 reges
556 2063 667 2128 usque
703 2045 746 2111 ad
779 2044 984 2129 Agapenora
1019 2042 1194 2111 Arcadum
1228 2044 1354 2112 ducem

300 2154 333 2218 in
370 2150 462 2222 bello
499 2151 651 2220 Troiano
690 2152 789 2237 (55),
832 2153 937 2222 altera
979 2170 1080 2237 reges
1122 2155 1180 2237 qui
1222 2154 1303 2220 inde
1336 2172 1354 2219 a

299 2385 376 2452 phon
396 2386 468 2439 auch
486 2394 652 2452 ungenannt
665 2385 761 2452 bleibt‚
779 2400 845 2439 vom
861 2385 1024 2439 December
1035 2385 1090 2438 370
1108 2386 1152 2438 bis
1166 2385 1289 2439 Februar
1300 2385 1356 2439 ³69

302 2469 386 2535 ruhig
405 2484 439 2521 zu
458 2469 540 2522 Hans
558 2469 710 2535 gehlieben
729 2469 803 2522 sind.

333 2552 507 2606 Pomtowius
528 2553 557 2605 in
571 2566 697 2606 errorem
717 2553 852 2607 inductus
871 2560 916 2606 est
936 2553 1010 2607 laiso
1028 2554 1180 2607 arbitratus
1193 2551 1355 2620 Triphylios

299 2637 537 2692 Lacedaemoniis
558 2641 706 2694 beneflciis
725 2642 874 2695 devinctos
899 2651 927 2694 et
945 2641 1086 2695 amicitiae
1104 2640 1223 2695 foedere
1241 2642 1355 2694 iunctos

301 2720 404 2774 luisse.
436 2722 478 2774 sic
498 2723 581 2776 etiam
601 2724 686 2790 paulo
705 2738 792 2792 supra
811 2724 965 2791 Lepreatas
987 2731 1052 2792 post
1070 2725 1213 2791 proelium
1232 2724 1356 2777 Leuctri-

300 2818 366 2857 cnm
386 2805 415 2857 in
437 2803 562 2872 Agesilai
582 2808 683 2861 castris
702 2809 848 2862 mansisse
874 2809 942 2862 dicit
968 2809 1038 2876 grati
1065 2808 1152 2860 animi
1181 2822 1248 2876 ergo
1275 2807 1355 2874 („aus

300 2889 372 2941 alter
390 2887 621 2956 Dankbarlreiff).
657 2891 733 2958 quod
753 2892 839 2960 longe
857 2907 944 2946 secus
970 2907 1037 2946 esse
1054 2892 1176 2944 videtur.
1209 2890 1357 2958 Triphylii,

305 2972 330 3024 si
348 2972 416 3038 quid
434 2972 527 3039 video,
554 2989 662 3029 nomen
680 2975 852 3031 Laconicum
876 2990 934 3029 non
953 2977 1050 3030 minus
1068 2975 1164 3042 perosi
1183 2982 1252 3029 sunt
1270 2988 1355 3042 quam

303 3053 398 3108 Eleos.
441 3070 536 3124 neque
563 3074 609 3113 me
637 3067 734 3114 movet
763 3061 846 3113 locus
874 3058 1023 3113 Strabonis
1053 3074 1110 3127 quo
1137 3058 1356 3112 Lacedaemonii

301 3145 460 3200 Messeniis
487 3144 637 3198 debellatis
665 3145 701 3196 de
722 3143 868 3210 Lepreatis
895 3143 970 3196 bene
997 3144 1089 3197 meriti
1118 3157 1185 3196 esse
1211 3143 1357 3196 dicuntur:

301 3227 368 3282 V111.
386 3231 441 3282 355
468 3229 513 3279 καὶ
539 3223 620 3280 αὐτὸν
645 3226 673 3278 δὲ
700 3227 746 3278 τὸν
764 3221 857 3278 Πύλον
881 3228 928 3277 τὸν
954 3222 1108 3295 ἠμαθοέντα
1134 3229 1170 3285 εἰς
1192 3227 1219 3278 τι)
1239 3227 1357 3295 Λέπρεον

302 3311 456 3382 συνῴκισαν
479 3309 720 3378 (Lacedaemonii)
742 3307 920 3380 χαριζόμενοι
947 3314 999 3369 τοῖς
1028 3307 1190 3381 Λεπρεάταις
1218 3308 1359 3380 κρατήσασι

302 3397 417 3466 πολέμῳ.
453 3409 519 3449 nam
547 3392 713 3447 huiusmodi
741 3393 862 3446 benelici
891 3395 1031 3448 memoria
1057 3395 1103 3448 vix
1128 3408 1179 3460 per
1195 3392 1245 3447 XC
1264 3406 1357 3445 annos

303 3479 418 3532 durarit.

335 3568 392 3637 (52)
411 3585 435 3624 a.
451 3571 514 3623 338.

336 3652 394 3721 (53)
413 3652 460 3707 lV.
475 3654 519 3706 77.

336 3736 393 3804 (54)
411 3751 463 3789 zur
488 3737 675 3792 arkadischen
702 3737 883 3804 Kdnigsliste
910 3738 961 3790 des
986 3705 1151 3791 Pausanias.
1187 3736 1358 3791 Festschrift

305 3821 357 3874 des
376 3819 586 3887 Gymnasiums
605 3837 640 3875 zu
658 3822 752 3888 Jauer.
783 3821 859 3875 1890.
888 3836 915 3888 p.
931 3821 1043 3874 53-69.

338 3902 397 3971 (55)
418 3904 448 3958 ll.
467 3912 498 3958 Β.
516 3904 579 3958 609.
