2962 4538
749 371 867 480 (ta)

287 543 408 610 dividit
445 542 532 609 hanc
570 545 603 608 in
641 556 711 610 tres
750 546 900 627 species,
945 561 1089 626 quarum
1127 542 1201 610 illas
1239 546 1338 627 poesi

286 654 538 719 astronomicae
573 665 606 719 et
641 655 771 720 recenti
806 655 903 720 aetati
938 654 1181 736 imperatoriae
1212 652 1338 734 tribuit,

286 764 396 845 prima
428 778 515 827 vero
549 779 589 828 ea
623 775 685 843 est,
720 780 821 846 quam
847 761 948 828 habet
971 758 1123 828 Ovidius
1148 773 1181 828 et
1204 761 1339 845 mytho·

286 870 405 954 graphi
429 886 517 952 quos
542 889 585 936 ex
609 888 652 937 ec
676 871 832 953 pendere
847 870 1009 936 vidimus.
1043 870 1126 952 quid
1150 870 1338 937 dicendum

287 979 364 1046 est?
408 979 702 1062 quemadmodum
736 980 841 1046 modo
874 979 1026 1046 vidimus
1061 997 1130 1045 non
1164 998 1242 1046 esse
1278 999 1339 1046 cur

287 1087 435 1155 fabulam
485 1106 587 1172 quam
643 1088 788 1172 legimus
837 1090 929 1173 apud
975 1087 1247 1172 mythograpbos
1296 1089 1338 1155 ad

288 1197 486 1264 Hesiodum
504 1195 706 1280 referamus,
729 1201 780 1265 sic
803 1217 894 1264 nunc
917 1198 1092 1282 dispicere
1109 1215 1245 1279 nequeo
1270 1216 1335 1280 qua

287 1306 330 1373 de
368 1324 470 1372 causa
507 1304 655 1372 fabulam
700 1306 895 1373 ovidianam
933 1320 1010 1373 ante
1047 1319 1191 1373 aetatem
1230 1305 1337 1373 helle·

287 1415 441 1481 nisticam
476 1414 567 1498 apud
605 1416 796 1498 scriptores
839 1432 909 1481 non
948 1404 1187 1498 comparuisse
1225 1429 1337 1481 sumat

286 1522 575 1590 Immerwahrius.
628 1542 752 1590 verum
786 1523 853 1589 hoc
886 1536 963 1589 ante
998 1526 1113 1589 omnia
1147 1523 1336 1590 tenendum

286 1645 352 1699 est:
410 1634 644 1698 testimonium
689 1629 797 1699 Ovidi
849 1632 1007 1699 eiusdem
1051 1635 1188 1715 generis
1233 1645 1334 1715 atque

286 1754 482 1808 ceterorum
519 1760 613 1807 esse:
659 1755 779 1808 cuncta
817 1740 949 1808 referre
986 1741 1164 1824 vulgarem
1203 1740 1337 1809 fabulae

286 1849 428 1933 liguram
462 1849 572 1934 qualis
607 1850 868 1934 mythographis
902 1864 1067 1917 consueta
1095 1848 1207 1917 fuerit.
1253 1851 1336 1917 nihii

286 1958 448 2041 equidem
465 1958 659 2026 concedere
683 1957 802 2025 dubito
827 1958 929 2025 multa
954 1962 986 2025 in
1011 1959 1073 2026 hac
1097 1957 1219 2040 fabula,
1244 1962 1336 2025 utin

286 2066 360 2133 aliis
383 2069 568 2148 sexcentis
602 2069 714 2150 poetis
738 2066 857 2134 deberi
890 2070 947 2151 qui
982 2065 1114 2133 fabulas
1138 2085 1221 2134 suae
1245 2069 1337 2150 quis·

287 2194 354 2259 que
388 2178 486 2242 aetati
509 2176 741 2243 accomodatis
776 2175 951 2242 coloribus
975 2175 1136 2243 excolere
1170 2175 1335 2258 solebant,

288 2283 520 2369 nonnullaque
554 2299 754 2352 ornamenta
788 2283 948 2351 redolere
986 2298 1129 2352 aetatem
1167 2289 1336 2354 recentio-

288 2411 372 2460 rem.
416 2393 511 2460 velut
535 2392 633 2460 facile
664 2407 716 2460 est
745 2394 787 2460 ad
818 2392 1100 2477 intellegendum,
1132 2413 1209 2461 cum
1239 2398 1335 2462 initio

288 2520 377 2584 puer
399 2501 595 2568 immolatus
619 2520 697 2568 esse
714 2501 825 2568 dictus
843 2515 946 2583 esset,
968 2505 1181 2570 recentiores
1205 2506 1335 2587 peccati

288 2612 471 2677 atrocitatis
508 2610 684 2694 augendae
722 2629 824 2678 causa
861 2609 1018 2677 obsidem
1057 2611 1237 2679 induxisse
1279 2612 1335 2679 vel

288 2721 388 2785 etiam
411 2718 583 2802 Lycaonis
606 2718 712 2786 lilium
737 2733 955 2804 nepotemve.
985 2735 1131 2788 attamen
1155 2740 1224 2787 non
1248 2721 1335 2788 duae

287 2825 421 2894 fabulae
455 2826 583 2912 figurae
615 2828 712 2895 bisce
746 2831 954 2913 scriptorum
989 2829 1074 2897 locis
1109 2831 1336 2909 continentur,

288 2937 351 3004 sed
374 2956 450 3004 una.

330 3080 391 3148 age
428 3064 623 3148 diligentius
660 3064 840 3130 videamus
885 3061 928 3127 de
973 3061 1202 3141 discrepantia
1246 3060 1335 3125 inter

288 3174 477 3255 scriptores
501 3191 602 3255 quam
628 3171 771 3237 minoris
794 3187 872 3235 esse
895 3166 1141 3234 aestimandam
1157 3165 1336 3250 apparebit

289 3297 390 3363 quam
425 3283 534 3363 prima
568 3281 686 3361 speeie
721 3276 921 3343 credideris.
966 3294 1071 3360 supra
1098 3277 1334 3359 comperimus

289 3390 462 3454 neminem
480 3399 617 3470 praeter
634 3382 801 3452 Ovidium
826 3384 962 3452 tradere
978 3383 1175 3469 Lycaonem
1192 3385 1333 3452 caedem

288 3495 379 3562 Iovis
412 3495 610 3562 meditatum
645 3512 734 3561 esse.
778 3507 810 3559 at
842 3496 1034 3560 accuratius
1068 3508 1190 3578 poetae
1227 3491 1334 3560 verba

289 3605 562 3688 perpendantur:

288 3854 403 3906 Metam.
413 3853 430 3905 l.
441 3853 495 3904 222
514 3867 579 3905 mox
598 3853 647 3905 ait:
667 3853 814 3920 „experiar
833 3851 906 3905 deus
925 3853 980 3918 hic,
998 3851 1166 3905 discrimine
1184 3862 1292 3919 aperto,

513 3951 548 3989 an
567 3937 604 3989 sit
623 3936 758 3990 mortalis.
785 3949 839 3990 nec
857 3935 909 3989 erit
928 3936 1083 3990 dubitabile
1100 3935 1226 3990 verum.“
