2978 4546
684 329 803 439 (tt)

214 518 330 587 gestae
363 504 494 570 thiasus
529 501 643 585 (195).
687 505 887 587 quaerimus
921 504 1014 571 unde
1047 517 1148 587 poeta
1182 504 1266 571 haec

216 614 484 698 deprompserit,
500 614 630 696 quippe
646 630 749 696 quem
767 611 878 696 probe
894 614 1056 678 novimus
1074 595 1142 679 non
1160 611 1268 680 luisse

216 723 391 790 hominem
425 739 593 806 perquam
628 721 800 789 eruditum
835 736 936 804 atque
959 720 1117 805 prolecto
1144 720 1270 788 delica-

217 833 350 913 tiorem,
384 850 486 916 quam
520 834 579 914 qui
613 829 731 898 labore
755 829 917 916 improbo
951 834 1026 914 ipse
1055 830 1130 898 talia
1154 850 1269 899 corra-

216 943 308 1008 serit.
329 1021 333 1026 ,
353 939 629 1024 plurimiautem
654 953 734 1007 sunt
767 939 833 1006 loci
868 942 902 1006 in
926 936 1034 1006 Ovidi
1058 938 1269 1007 carminibus

214 1051 273 1133 qui
297 1049 443 1116 eandem
467 1050 621 1132 speciem
645 1062 746 1131 atque
770 1047 922 1116 indolem
956 1066 1039 1132 prae
1073 1068 1111 1116 se
1146 1048 1269 1131 ierunt,

216 1156 331 1223 nullus
354 1176 455 1239 unus,
478 1159 536 1241 qui
554 1160 721 1242 originem
737 1176 836 1224 suam
852 1159 1006 1241 apertius
1021 1170 1138 1240 arguat
1155 1155 1269 1240 (196).

216 1285 332 1333 nonne
356 1266 423 1334 hoc
447 1265 525 1333 loco
541 1265 695 1350 perlecto
718 1265 774 1332 vel
798 1268 893 1332 inviti
917 1269 1174 1334 reminiscimur
1196 1269 1270 1351 qui-

216 1374 434 1459 buscumque
467 1378 586 1459 pueris
619 1374 815 1443 versiculos
848 1375 971 1443 latinos
1004 1393 1154 1460 pangere
1189 1394 1271 1442 con-

217 1483 376 1569 tingebat,
397 1484 602 1569 amplissimi
619 1484 709 1552 illius
725 1484 813 1567 libri,
830 1487 929 1552 cuius
946 1483 1169 1553 inexhaustae
1183 1503 1270 1569 opes

217 1592 330 1660 Musis
364 1592 604 1677 languentibus
638 1592 916 1660 subveniebant?
960 1613 1002 1660 an
1038 1596 1139 1677 igitur
1169 1607 1270 1677 poeta

221 1701 394 1767 interdum
418 1702 564 1767 eandem
589 1699 661 1767 iere
683 1704 775 1767 viam
798 1705 968 1783 institerit,
991 1715 1027 1768 ut
1050 1703 1092 1768 ad
1108 1701 1270 1769 Parnassi

221 1809 397 1873 cacumina
414 1809 623 1891 perveniret,
647 1826 735 1891 quae
752 1821 785 1874 et
801 1807 902 1874 nobis
919 1807 1099 1892 discipulis
1123 1810 1271 1878 tenenda

221 1916 322 1983 erat?
359 1918 508 1982 maxime
531 1917 683 1999 quidem.
721 1918 803 2000 quin
828 1918 927 1983 etiam
952 1915 1117 2004 subsidiis
1141 1921 1271 2003 impru-

221 2027 308 2094 dens
331 2027 460 2094 abusus
495 2039 547 2093 est
571 2044 684 2108 neque
708 2029 789 2093 satis
824 2025 941 2092 habuit
965 2027 1056 2093 docti
1084 2025 1189 2116 libelli
1214 2048 1272 2095 co·

220 2138 295 2218 pias
328 2149 423 2218 grato
458 2137 573 2202 animo
598 2133 749 2217 haurire,
781 2136 844 2202 sed
875 2154 1135 2220 nonnumquam
1169 2141 1271 2221 parti-

221 2242 315 2310 culas
350 2247 425 2311 eius
459 2243 670 2312 hexametris
692 2241 854 2311 versibus
892 2261 1078 2327 expressas
1112 2247 1146 2311 in
1181 2265 1270 2331 opus

220 2371 322 2419 suum
347 2355 478 2436 recepit
502 2350 616 2435 (197).
660 2369 721 2436 age
746 2369 939 2436 proponam
974 2350 1032 2418 tibi
1056 2367 1193 2421 ceteros
1221 2354 1271 2420 lo-

254 2626 329 2693 (195)
349 2627 446 2694 possis
464 2629 534 2681 mihi
553 2628 668 2683 obicere
687 2630 797 2697 reliqua
814 2629 911 2683 omnia
923 2637 1035 2697 praeter
1047 2636 1087 2682 tot
1099 2631 1270 2698 cognomina

220 2709 266 2763 dei
285 2708 389 2764 Ovidio
408 2710 473 2763 inde
493 2725 508 2762 a
525 2725 615 2777 puero
638 2719 704 2765 nota
731 2712 831 2765 luisse.
866 2719 991 2766 attamen
1019 2715 1043 2767 si
1071 2723 1154 2768 notes
1181 2721 1270 2767 tauto·

220 2794 341 2860 logiam:

421 2901 478 2957 tibi
495 2901 576 2956 enim
592 2901 806 2973 inconsumpta
823 2902 948 2958 ittoenin
965 2909 1010 2959 aci

421 2989 455 3040 iu
469 3002 548 3054 puer
565 2989 714 3051 aeternus,

220 3122 339 3176 forsitan
359 3122 429 3176 mihi
449 3122 631 3176 concesseris
651 3123 697 3176 hic
710 3135 826 3190 quoque
837 3130 957 3190 poetam
977 3125 1085 3179 alienas
1105 3140 1176 3192 opes
1195 3138 1271 3179 com·

219 3208 315 3273 pilare.
343 3215 472 3261 ceterum
493 3206 563 3261 mihi
577 3207 721 3273 persuasit
730 3205 964 3261 Wilamowitzius
983 3208 1141 3262 rationibus
1154 3209 1271 3262 demon-

219 3291 301 3341 strari
320 3305 378 3343 non
397 3305 485 3358 posse
504 3289 641 3344 Ovidium
661 3305 695 3344 ea
712 3305 787 3358 quae
805 3290 1091 3359 comprehenduntur
1107 3308 1151 3347 vv.
1164 3293 1273 3348 20-30

220 3369 325 3436 pariter
342 3377 429 3438 atque
447 3374 558 3443 reliqua
576 3389 592 3428 e
611 3375 683 3428 libro
702 3375 940 3443 mythographico
959 3375 1160 3443 descripsisse.

253 3461 329 3528 (196)
348 3477 406 3516 non
424 3463 595 3519 conferendi
613 3476 681 3521 sunt
699 3468 771 3521 Fast.
791 3466 832 3520 111.
850 3467 905 3520 715
918 3482 981 3536 sqq.

252 3553 327 3620 (199)
346 3556 414 3610 item
434 3556 499 3623 egit,
517 3557 572 3610 nisi
591 3559 668 3625 quod
686 3559 726 3612 illi
746 3560 832 3613 animi
857 3559 1026 3628 simplicitas
1050 3563 1162 3617 sontica
1185 3577 1272 3616 causa

221 3646 277 3704 est,
304 3647 387 3707 poeta
408 3639 548 3707 Anglicus
576 3655 650 3694 saec.
670 3641 742 3706 XIV,
766 3642 802 3694 de
828 3656 885 3709 quo
911 3641 1011 3710 Tame,
1038 3646 1158 3701 histoire
1184 3646 1220 3699 de
1248 3648 1273 3701 la

220 3720 376 3776 litterature
393 3723 531 3790 anglaise‚
547 3723 636 3776 9eme
656 3724 762 3778 edition
782 3725 800 3777 1.
819 3740 845 3790 p.
857 3725 923 3778 218:
942 3725 1076 3781 Chaucer
1093 3743 1109 3782 a
1127 3728 1187 3783 l’air
1205 3729 1271 3783 d'un

221 3803 320 3858 enlaot
338 3808 459 3874 precoce
478 3817 504 3861 et
522 3808 606 3876 poete
625 3809 673 3876 qui
692 3809 822 3862 melerait
839 3811 916 3862 ises
935 3812 1063 3864 reveries
1082 3811 1211 3865 d'amour
1229 3813 1272 3865 les

221 3889 352 3942 citations
371 3891 406 3943 de
424 3906 477 3946 son
498 3893 614 3946 manuel
633 3901 660 3945 et
678 3894 721 3946 les
740 3893 893 3949 souvenirs
911 3896 946 3948 de
965 3909 1020 3949 son
1039 3895 1179 3963 alphabet.

969 4027 970 4031 κ
1038 3994 1056 4048 6
