2978 4546
678 346 798 452 152)

216 516 344 601 epyliio
381 515 618 583 Alexandrino
651 516 810 599 Meropis
847 515 957 582 nullas
994 515 1103 585 fuisse
1139 531 1266 601 partes.

215 628 408 693 accuratius
441 639 554 693 tamen
591 625 866 709 investigandum
905 638 957 692 est
990 645 1035 692 ex
1067 644 1137 709 quo
1172 623 1266 694 ionte

105 724 108 729 ’
215 733 356 802 fluxerit
379 731 574 801 Ovidianae
608 732 742 801 fabulae
776 752 857 818 pars
889 738 995 817 prior.
1040 737 1264 802 imitationem

215 842 436 926 Euripideam
460 844 625 910 odoratus
649 856 701 909 est
724 841 919 910 Knaackius
937 841 1039 925 (107)
1064 842 1086 909 1.
1102 847 1173 911 767
1190 862 1266 928 sqq.

216 951 273 1018 ubi
298 948 488 1035 Clymene:

314 1184 365 1237 per
383 1170 464 1223 iubar
481 1169 545 1236 hoc,
563 1170 664 1237 inquit,
681 1170 767 1223 radiis
785 1170 901 1237 insigne
918 1171 1058 1234 coruscis,

315 1262 390 1320 nate,
406 1254 457 1307 tibi
475 1254 547 1318 iuro,
568 1254 644 1321 quod
664 1267 718 1306 nos
736 1252 872 1320 auditque
889 1254 1032 1321 videtque,

315 1338 370 1391 hoc
387 1345 416 1390 te
434 1350 520 1403 quem
540 1344 663 1404 spectas,
682 1337 737 1390 hoc
755 1344 784 1390 te
802 1338 850 1404 qui
869 1345 1009 1404 temperat
1026 1338 1126 1391 orbem

315 1417 383 1474 Sole
400 1428 503 1474 saturn.
530 1421 555 1474 si
574 1419 637 1474 iicta
655 1420 767 1488 loquor,
785 1428 871 1487 neget
888 1422 951 1488 ipse
969 1421 1125 1474 videndum

314 1518 347 1558 se
365 1503 436 1557 mihi
454 1504 548 1571 sitque
571 1504 663 1558 oeulis
683 1504 732 1557 iux
750 1504 804 1558 ista
822 1504 982 1558 novissima
1000 1504 1115 1559 nostris.

314 1602 368 1642 nec
386 1588 490 1655 longus
508 1587 616 1655 patrios
634 1588 715 1641 labor
733 1588 844 1642 esttibi
863 1602 953 1642 nosse
972 1588 1106 1642 Penates:

314 1670 391 1725 unde
409 1672 499 1725 oritur
516 1671 620 1725 domus
639 1679 684 1725 est
701 1678 793 1725 terrae
811 1671 990 1725 contermina
1008 1679 1132 1726 nostrae.

315 1754 340 1808 si
358 1754 445 1809 modo
465 1754 521 1809 iert
539 1755 667 1821 animus,
688 1757 806 1823 gradere
825 1764 853 1808 et
871 1756 1012 1810 scitabere
1030 1756 1064 1808 ab
1084 1756 1156 1823 ipso.

256 1971 319 2038 sed
343 1974 499 2055 inspecto
523 1971 698 2056 Euripidis
732 1970 923 2056 fragmento
947 1979 1029 2056 775,
1062 1974 1156 2057 quod
1183 1992 1266 2041 con-

215 2077 298 2146 ferri
321 2078 429 2146 iubet:

216 2296 285 2363 ΚΛ.
328 2299 487 2382 μνησθεὶς
507 2296 527 2363 ὅ
548 2305 605 2382 μοί
627 2297 704 2365 ποτ’
730 2297 795 2384 εἶφ’
821 2298 871 2365 ὅτ’
897 2297 1045 2386 εὐνάσθη
1068 2297 1150 2377 θεός

330 2401 431 2472 αὐτοῦ
452 2431 483 2471 τι
504 2403 621 2499 χρῄζεις
644 2412 691 2474 ἓν·
723 2413 808 2494 πέρα
829 2406 890 2495 γὰρ
911 2406 950 2476 οὗ
973 2412 1068 2492 θέμις

330 2515 442 2594 λαβεῖν
464 2531 512 2580 σε·
538 2513 600 2581 κᾶν
620 2540 681 2600 μεν
702 2514 858 2609 τυγχάνῃς
880 2515 973 2597 ὅλτσυ
996 2518 1120 2609 θέλῃς),

332 2620 413 2688 θεοῦ
434 2628 598 2712 πέφυκας·
623 2627 653 2690 ελ
672 2624 708 2690 δέ
728 2623 784 2710 μὴ,
806 2623 927 2717 ψευδὴς
950 2623 1025 2707 ἐγώ.

217 2769 292 2829 (DA.
331 2761 405 2842 πῶς
426 2763 485 2831 οὖν
506 2764 659 2851 πρόσειμι
681 2764 777 2850 δῶμα
799 2765 926 2853 θερμόν
942 2765 1066 2847 Ἡλλοει,·

217 2896 287 2955 ΚΛ.
330 2896 422 2979 κείνῳ
442 2887 570 2976 μελήσει
591 2895 687 2976 σῶμα
707 2890 750 2976 μὴ
771 2889 931 2972 βλάπτειν
953 2891 990 2958 τό
1015 2891 1087 2958 σόν.

217 3021 292 3083 ΦΛ.
330 3022 421 3103 εἴπερ
441 3016 549 3105 πατὴρ
570 3023 726 3107 πέφυκεν·
753 3016 791 3084 οὗ
814 3017 918 3096 κακῶς
939 3021 1048 3101 λέγεις.

139 3127 141 3131 ’
217 3147 288 3206 ΚΛ.
331 3140 409 3231 σάφ’
435 3147 522 3208 ἴσθι·
544 3142 658 3209 πεύσει
679 3141 712 3208 δ’
737 3140 819 3209 αὐτὸ
844 3142 888 3232 τῷ
911 3143 1016 3232 χρόνῳ
1038 3140 1161 3230 σαφῶς,

216 3376 260 3424 ne
294 3357 394 3426 talem
419 3362 558 3443 quidem
583 3362 805 3428 imitationem
830 3364 946 3429 inveni
980 3362 1116 3446 qualem
1140 3379 1267 3445 expec-

217 3468 309 3548 taris,
335 3469 466 3533 sicum
491 3466 666 3536 Knaaekio
691 3468 794 3553 (108)
825 3484 952 3538 statuas
977 3469 1146 3539 Ovidium
1169 3468 1267 3535 Euri·

217 3575 308 3658 pidis
330 3573 579 3644 Phaethontem
606 3597 675 3646 non
699 3579 836 3664 legisse.
876 3581 939 3648 sed
963 3578 1111 3647 fortasse
1128 3598 1172 3646 ex
1188 3581 1265 3661 ipso

248 3807 325 3875 (107)
344 3811 361 3862 1.
380 3811 398 3862 1.
416 3824 443 3877 p.
460 3811 504 3865 23.

249 3898 323 3968 (108)
343 3902 360 3955 1.
379 3901 396 3954 l.
415 3916 441 3968 p.
458 3903 503 3956 67.
