<?xml version="1.0" encoding="UTF-8"?>
<!DOCTYPE html PUBLIC "-//W3C//DTD XHTML 1.0 Transitional//EN"
    "http://www.w3.org/TR/xhtml1/DTD/xhtml1-transitional.dtd">
<html xmlns="http://www.w3.org/1999/xhtml" xml:lang="en" lang="en">
 <head>
  <title>
</title>
<meta http-equiv="Content-Type" content="text/html;charset=utf-8" />
  <meta name='ocr-system' content='tesseract 3.04.00' />
  <meta name='ocr-capabilities' content='ocr_page ocr_carea ocr_par ocr_line ocrx_word'/>
</head>
<body>
  <div class='ocr_page' id='page_1' title='image "./deovidimythopoe00vollgoog_0014.png"; bbox 0 0 2978 4546; ppageno 0'>
   <div class='ocr_carea' id='block_1_1' title="bbox 696 375 794 482">
    <p class='ocr_par' dir='ltr' id='par_1_1' title="bbox 696 375 794 482">
     <span class='ocr_line' id='line_1_1' title="bbox 696 375 794 482; baseline 0.041 -4"><span class='ocrx_word' id='word_1_1' title='bbox 696 375 794 482; x_wconf 76' lang='grc'>(9)</span> 
     </span>
    </p>
   </div>
   <div class='ocr_carea' id='block_1_2' title="bbox 218 541 1269 844">
    <p class='ocr_par' dir='ltr' id='par_1_2' title="bbox 218 541 1269 844">
     <span class='ocr_line' id='line_1_2' title="bbox 261 541 1153 629; baseline 0.003 -22"><span class='ocrx_word' id='word_1_2' title='bbox 261 541 345 611; x_wconf 88' lang='lat' dir='ltr'>haec</span> <span class='ocrx_word' id='word_1_3' title='bbox 368 546 468 626; x_wconf 89' lang='lat' dir='ltr'>igitur</span> <span class='ocrx_word' id='word_1_4' title='bbox 492 564 571 611; x_wconf 90' lang='lat' dir='ltr'>ursa</span> <span class='ocrx_word' id='word_1_5' title='bbox 595 565 613 612; x_wconf 90' lang='lat' dir='ltr'>a</span> <span class='ocrx_word' id='word_1_6' title='bbox 637 543 785 614; x_wconf 89' lang='lat' dir='ltr'>Graecis</span> <span class='ocrx_word' id='word_1_7' title='bbox 803 544 910 628; x_wconf 80' lang='grc' dir='ltr'><em>Ἑλίκη</em></span> <span class='ocrx_word' id='word_1_8' title='bbox 933 544 1153 629; x_wconf 88' lang='lat' dir='ltr'>appellatur.“</span> 
     </span>
     <span class='ocr_line' id='line_1_3' title="bbox 260 650 1269 738; baseline 0.002 -21"><span class='ocrx_word' id='word_1_9' title='bbox 260 650 325 719; x_wconf 91' lang='lat' dir='ltr'>hos</span> <span class='ocrx_word' id='word_1_10' title='bbox 352 671 477 720; x_wconf 89' lang='lat' dir='ltr'>versus</span> <span class='ocrx_word' id='word_1_11' title='bbox 506 668 538 719; x_wconf 93' lang='lat' dir='ltr'>et</span> <span class='ocrx_word' id='word_1_12' title='bbox 571 654 674 720; x_wconf 91' lang='lat' dir='ltr'>alium</span> <span class='ocrx_word' id='word_1_13' title='bbox 709 668 898 738; x_wconf 88' lang='lat' dir='ltr'>praeterea,</span> <span class='ocrx_word' id='word_1_14' title='bbox 932 657 989 738; x_wconf 91' lang='lat' dir='ltr'>qui</span> <span class='ocrx_word' id='word_1_15' title='bbox 1023 654 1146 738; x_wconf 91' lang='lat' dir='ltr'>legitur</span> <span class='ocrx_word' id='word_1_16' title='bbox 1179 654 1269 737; x_wconf 90' lang='lat' dir='ltr'>apud</span> 
     </span>
     <span class='ocr_line' id='line_1_4' title="bbox 218 757 517 844; baseline 0.007 -19"><span class='ocrx_word' id='word_1_17' title='bbox 218 757 430 827; x_wconf 89' lang='lat' dir='ltr'>Lactantium</span> <span class='ocrx_word' id='word_1_18' title='bbox 448 759 517 844; x_wconf 86' lang='lat'><strong>(8):</strong></span> 
     </span>
    </p>
   </div>
   <div class='ocr_carea' id='block_1_3' title="bbox 369 945 1120 1098">
    <p class='ocr_par' dir='ltr' id='par_1_3' title="bbox 369 945 1120 1098">
     <span class='ocr_line' id='line_1_5' title="bbox 787 945 1086 1002; baseline 0 -2"><span class='ocrx_word' id='word_1_19' title='bbox 787 945 841 1000; x_wconf 92' lang='lat' dir='ltr'>sed</span> <span class='ocrx_word' id='word_1_20' title='bbox 859 948 935 1001; x_wconf 88' lang='lat' dir='ltr'>lucet</span> <span class='ocrx_word' id='word_1_21' title='bbox 953 949 981 1001; x_wconf 92' lang='lat' dir='ltr'>in</span> <span class='ocrx_word' id='word_1_22' title='bbox 1000 949 1086 1002; x_wconf 90' lang='lat' dir='ltr'>astris</span> 
     </span>
     <span class='ocr_line' id='line_1_6' title="bbox 369 1027 1120 1098; baseline 0.005 -18"><span class='ocrx_word' id='word_1_23' title='bbox 369 1027 490 1083; x_wconf 87' lang='lat' dir='ltr'>Callisto</span> <span class='ocrx_word' id='word_1_24' title='bbox 509 1038 686 1096; x_wconf 86' lang='lat' dir='ltr'>renovatque</span> <span class='ocrx_word' id='word_1_25' title='bbox 705 1045 775 1083; x_wconf 91' lang='lat' dir='ltr'>suos</span> <span class='ocrx_word' id='word_1_26' title='bbox 794 1031 858 1084; x_wconf 89' lang='lat' dir='ltr'>sine</span> <span class='ocrx_word' id='word_1_27' title='bbox 876 1031 1010 1085; x_wconf 88' lang='lat' dir='ltr'>fluctibus</span> <span class='ocrx_word' id='word_1_28' title='bbox 1030 1033 1120 1098; x_wconf 65' lang='lat' dir='ltr'>ignes</span> 
     </span>
    </p>
   </div>
   <div class='ocr_carea' id='block_1_4' title="bbox 216 1229 1270 1639">
    <p class='ocr_par' dir='ltr' id='par_1_4' title="bbox 216 1229 1270 1639">
     <span class='ocr_line' id='line_1_7' title="bbox 217 1229 1269 1317; baseline 0.005 -22"><span class='ocrx_word' id='word_1_29' title='bbox 217 1229 391 1296; x_wconf 89' lang='lat' dir='ltr'>Maassius</span> <span class='ocrx_word' id='word_1_30' title='bbox 426 1230 531 1314; x_wconf 91' lang='lat' dir='ltr'>epylli</span> <span class='ocrx_word' id='word_1_31' title='bbox 558 1229 666 1299; x_wconf 90' lang='lat' dir='ltr'>Latini</span> <span class='ocrx_word' id='word_1_32' title='bbox 701 1233 743 1298; x_wconf 89' lang='lat' dir='ltr'>de</span> <span class='ocrx_word' id='word_1_33' title='bbox 771 1231 979 1315; x_wconf 91' lang='lat' dir='ltr'>Lycaonidis</span> <span class='ocrx_word' id='word_1_34' title='bbox 1004 1233 1166 1317; x_wconf 83' lang='lat' dir='ltr'>reliquias</span> <span class='ocrx_word' id='word_1_35' title='bbox 1191 1252 1269 1302; x_wconf 88' lang='lat' dir='ltr'>esse</span> 
     </span>
     <span class='ocr_line' id='line_1_8' title="bbox 218 1341 1269 1426; baseline 0.005 -22"><span class='ocrx_word' id='word_1_36' title='bbox 218 1353 346 1406; x_wconf 88' lang='lat' dir='ltr'>censet.</span> <span class='ocrx_word' id='word_1_37' title='bbox 398 1343 479 1423; x_wconf 90' lang='lat' dir='ltr'>quin</span> <span class='ocrx_word' id='word_1_38' title='bbox 515 1343 615 1407; x_wconf 91' lang='lat' dir='ltr'>etiam</span> <span class='ocrx_word' id='word_1_39' title='bbox 650 1342 741 1408; x_wconf 91' lang='lat' dir='ltr'>idem</span> <span class='ocrx_word' id='word_1_40' title='bbox 776 1341 929 1425; x_wconf 88' lang='lat' dir='ltr'>epyllion</span> <span class='ocrx_word' id='word_1_41' title='bbox 964 1341 1096 1409; x_wconf 91' lang='lat' dir='ltr'>Ovidio</span> <span class='ocrx_word' id='word_1_42' title='bbox 1131 1356 1269 1426; x_wconf 88' lang='lat' dir='ltr'>praesto</span> 
     </span>
     <span class='ocr_line' id='line_1_9' title="bbox 217 1445 1270 1534; baseline 0.005 -21"><span class='ocrx_word' id='word_1_43' title='bbox 217 1445 325 1514; x_wconf 85' lang='lat' dir='ltr'>luisse</span> <span class='ocrx_word' id='word_1_44' title='bbox 368 1452 563 1532; x_wconf 89' lang='lat' dir='ltr'>suspicatur</span> <span class='ocrx_word' id='word_1_45' title='bbox 604 1469 754 1534; x_wconf 88' lang='lat' dir='ltr'>eumque</span> <span class='ocrx_word' id='word_1_46' title='bbox 796 1453 870 1533; x_wconf 90' lang='lat' dir='ltr'>ipsa</span> <span class='ocrx_word' id='word_1_47' title='bbox 906 1450 1012 1517; x_wconf 90' lang='lat' dir='ltr'>verba</span> <span class='ocrx_word' id='word_1_48' title='bbox 1050 1465 1172 1533; x_wconf 87' lang='lat' dir='ltr'>poetae</span> <span class='ocrx_word' id='word_1_49' title='bbox 1211 1471 1270 1520; x_wconf 87' lang='lat' dir='ltr'>ex-</span> 
     </span>
     <span class='ocr_line' id='line_1_10' title="bbox 216 1558 667 1639; baseline 0.009 -17"><span class='ocrx_word' id='word_1_50' title='bbox 216 1559 390 1639; x_wconf 85' lang='lat' dir='ltr'>pressisse</span> <span class='ocrx_word' id='word_1_51' title='bbox 414 1558 467 1625; x_wconf 92' lang='lat' dir='ltr'>his</span> <span class='ocrx_word' id='word_1_52' title='bbox 491 1558 667 1627; x_wconf 89' lang='lat' dir='ltr'>versibus:</span> 
     </span>
    </p>
   </div>
   <div class='ocr_carea' id='block_1_5' title="bbox 215 1771 1211 2094">
    <p class='ocr_par' dir='ltr' id='par_1_5' title="bbox 215 1771 1211 2094">
     <span class='ocr_line' id='line_1_11' title="bbox 215 1771 1175 1843; baseline 0.002 -19"><span class='ocrx_word' id='word_1_53' title='bbox 215 1771 330 1826; x_wconf 85' lang='lat' dir='ltr'>Metam.</span> <span class='ocrx_word' id='word_1_54' title='bbox 341 1773 434 1827; x_wconf 82' lang='lat'>11.527</span> <span class='ocrx_word' id='word_1_55' title='bbox 453 1784 481 1829; x_wconf 92' lang='lat' dir='ltr'>at</span> <span class='ocrx_word' id='word_1_56' title='bbox 498 1791 551 1829; x_wconf 93' lang='lat' dir='ltr'>vos</span> <span class='ocrx_word' id='word_1_57' title='bbox 570 1778 595 1829; x_wconf 91' lang='lat' dir='ltr'>si</span> <span class='ocrx_word' id='word_1_58' title='bbox 614 1776 710 1829; x_wconf 81' lang='lat' dir='ltr'>laesae</span> <span class='ocrx_word' id='word_1_59' title='bbox 729 1777 817 1843; x_wconf 88' lang='lat' dir='ltr'>tangit</span> <span class='ocrx_word' id='word_1_60' title='bbox 834 1785 1018 1843; x_wconf 91' lang='lat' dir='ltr'>contemptus</span> <span class='ocrx_word' id='word_1_61' title='bbox 1036 1775 1175 1828; x_wconf 79' lang='lat' dir='ltr'>alumnae</span> 
     </span>
     <span class='ocr_line' id='line_1_12' title="bbox 459 1857 1149 1927; baseline 0 -15"><span class='ocrx_word' id='word_1_62' title='bbox 459 1860 569 1926; x_wconf 78' lang='lat' dir='ltr'>gurgite</span> <span class='ocrx_word' id='word_1_63' title='bbox 587 1861 720 1913; x_wconf 91' lang='lat' dir='ltr'>caeruleo</span> <span class='ocrx_word' id='word_1_64' title='bbox 739 1868 851 1926; x_wconf 85' lang='lat' dir='ltr'>septem</span> <span class='ocrx_word' id='word_1_65' title='bbox 865 1857 1022 1927; x_wconf 75' lang='lat' dir='ltr'>prohibete</span> <span class='ocrx_word' id='word_1_66' title='bbox 1040 1860 1149 1915; x_wconf 84' lang='lat' dir='ltr'>triones</span> 
     </span>
     <span class='ocr_line' id='line_1_13' title="bbox 459 1941 1153 2010; baseline 0.003 -16"><span class='ocrx_word' id='word_1_67' title='bbox 459 1941 612 2009; x_wconf 86' lang='lat' dir='ltr'>sideraque</span> <span class='ocrx_word' id='word_1_68' title='bbox 630 1943 660 1995; x_wconf 92' lang='lat' dir='ltr'>in</span> <span class='ocrx_word' id='word_1_69' title='bbox 678 1942 758 1996; x_wconf 92' lang='lat' dir='ltr'>caelo</span> <span class='ocrx_word' id='word_1_70' title='bbox 776 1943 867 2009; x_wconf 86' lang='lat' dir='ltr'>stupri</span> <span class='ocrx_word' id='word_1_71' title='bbox 886 1943 1020 1997; x_wconf 86' lang='lat' dir='ltr'>mercede</span> <span class='ocrx_word' id='word_1_72' title='bbox 1039 1951 1153 2010; x_wconf 90' lang='lat' dir='ltr'>recepta</span> 
     </span>
     <span class='ocr_line' id='line_1_14' title="bbox 460 2022 1211 2094; baseline 0.004 -16"><span class='ocrx_word' id='word_1_73' title='bbox 460 2025 566 2092; x_wconf 91' lang='lat' dir='ltr'>pellite,</span> <span class='ocrx_word' id='word_1_74' title='bbox 585 2040 622 2079; x_wconf 89' lang='lat' dir='ltr'>ne</span> <span class='ocrx_word' id='word_1_75' title='bbox 639 2040 712 2093; x_wconf 90' lang='lat' dir='ltr'>puro</span> <span class='ocrx_word' id='word_1_76' title='bbox 731 2022 893 2093; x_wconf 70' lang='lat' dir='ltr'>linquatur</span> <span class='ocrx_word' id='word_1_77' title='bbox 910 2026 940 2079; x_wconf 90' lang='lat' dir='ltr'>in</span> <span class='ocrx_word' id='word_1_78' title='bbox 958 2040 1084 2094; x_wconf 89' lang='lat' dir='ltr'>aequore</span> <span class='ocrx_word' id='word_1_79' title='bbox 1102 2029 1211 2094; x_wconf 81' lang='lat' dir='ltr'>paelex.</span> 
     </span>
    </p>
   </div>
   <div class='ocr_carea' id='block_1_6' title="bbox 257 2228 1269 2311">
    <p class='ocr_par' dir='ltr' id='par_1_6' title="bbox 257 2228 1269 2311">
     <span class='ocr_line' id='line_1_15' title="bbox 257 2228 1269 2311; baseline 0.002 -18"><span class='ocrx_word' id='word_1_80' title='bbox 257 2231 286 2293; x_wconf 89' lang='lat' dir='ltr'>si</span> <span class='ocrx_word' id='word_1_81' title='bbox 320 2240 413 2294; x_wconf 91' lang='lat' dir='ltr'>recte</span> <span class='ocrx_word' id='word_1_82' title='bbox 447 2228 610 2294; x_wconf 88' lang='lat' dir='ltr'>iudicavit</span> <span class='ocrx_word' id='word_1_83' title='bbox 640 2229 823 2311; x_wconf 88' lang='lat' dir='ltr'>Maassius‚</span> <span class='ocrx_word' id='word_1_84' title='bbox 870 2229 950 2295; x_wconf 89' lang='lat' dir='ltr'>vide</span> <span class='ocrx_word' id='word_1_85' title='bbox 994 2248 1037 2296; x_wconf 90' lang='lat' dir='ltr'>ne</span> <span class='ocrx_word' id='word_1_86' title='bbox 1076 2229 1156 2296; x_wconf 89' lang='lat' dir='ltr'>inde</span> <span class='ocrx_word' id='word_1_87' title='bbox 1190 2248 1269 2296; x_wconf 92' lang='lat' dir='ltr'>cum</span> 
     </span>
    </p>
   </div>
   <div class='ocr_carea' id='block_1_7' title="bbox 215 2335 1268 2746">
    <p class='ocr_par' dir='ltr' id='par_1_7' title="bbox 215 2335 1268 2746">
     <span class='ocr_line' id='line_1_16' title="bbox 216 2335 1268 2422; baseline 0.001 -20"><span class='ocrx_word' id='word_1_88' title='bbox 216 2335 327 2420; x_wconf 89' lang='lat' dir='ltr'>aliqua</span> <span class='ocrx_word' id='word_1_89' title='bbox 350 2336 588 2420; x_wconf 83' lang='lat' dir='ltr'>probabilitate</span> <span class='ocrx_word' id='word_1_90' title='bbox 622 2352 796 2422; x_wconf 89' lang='lat' dir='ltr'>sequatur,</span> <span class='ocrx_word' id='word_1_91' title='bbox 830 2339 925 2421; x_wconf 88' lang='lat' dir='ltr'>quod</span> <span class='ocrx_word' id='word_1_92' title='bbox 955 2337 1011 2405; x_wconf 93' lang='lat' dir='ltr'>ille</span> <span class='ocrx_word' id='word_1_93' title='bbox 1034 2338 1175 2422; x_wconf 88' lang='lat' dir='ltr'>quidem</span> <span class='ocrx_word' id='word_1_94' title='bbox 1198 2357 1268 2404; x_wconf 93' lang='lat' dir='ltr'>non</span> 
     </span>
     <span class='ocr_line' id='line_1_17' title="bbox 215 2443 1268 2529; baseline 0 -18"><span class='ocrx_word' id='word_1_95' title='bbox 215 2448 363 2529; x_wconf 88' lang='lat' dir='ltr'>scripsit,</span> <span class='ocrx_word' id='word_1_96' title='bbox 397 2461 433 2512; x_wconf 93' lang='lat' dir='ltr'>ut</span> <span class='ocrx_word' id='word_1_97' title='bbox 455 2443 608 2513; x_wconf 90' lang='lat' dir='ltr'>Ovidius</span> <span class='ocrx_word' id='word_1_98' title='bbox 643 2449 744 2513; x_wconf 91' lang='lat' dir='ltr'>etiam</span> <span class='ocrx_word' id='word_1_99' title='bbox 778 2449 812 2512; x_wconf 91' lang='lat' dir='ltr'>in</span> <span class='ocrx_word' id='word_1_100' title='bbox 846 2445 958 2513; x_wconf 84' lang='lat' dir='ltr'>fabula</span> <span class='ocrx_word' id='word_1_101' title='bbox 981 2446 1152 2529; x_wconf 88' lang='lat' dir='ltr'>Lycaonis</span> <span class='ocrx_word' id='word_1_102' title='bbox 1175 2446 1268 2513; x_wconf 91' lang='lat' dir='ltr'>idem</span> 
     </span>
     <span class='ocr_line' id='line_1_18' title="bbox 215 2553 1267 2638; baseline 0 -18"><span class='ocrx_word' id='word_1_103' title='bbox 215 2553 368 2637; x_wconf 87' lang='lat' dir='ltr'>epyllion</span> <span class='ocrx_word' id='word_1_104' title='bbox 392 2553 457 2620; x_wconf 91' lang='lat' dir='ltr'>sub</span> <span class='ocrx_word' id='word_1_105' title='bbox 481 2555 591 2621; x_wconf 90' lang='lat' dir='ltr'>oculis</span> <span class='ocrx_word' id='word_1_106' title='bbox 619 2554 787 2622; x_wconf 88' lang='lat' dir='ltr'>habuerit.</span> <span class='ocrx_word' id='word_1_107' title='bbox 832 2572 895 2638; x_wconf 91' lang='lat' dir='ltr'>ego</span> <span class='ocrx_word' id='word_1_108' title='bbox 929 2573 1014 2620; x_wconf 88' lang='lat' dir='ltr'>vero</span> <span class='ocrx_word' id='word_1_109' title='bbox 1049 2573 1119 2621; x_wconf 91' lang='lat' dir='ltr'>non</span> <span class='ocrx_word' id='word_1_110' title='bbox 1151 2555 1267 2636; x_wconf 88' lang='lat' dir='ltr'>video,</span> 
     </span>
     <span class='ocr_line' id='line_1_19' title="bbox 215 2662 1268 2746; baseline 0.003 -19"><span class='ocrx_word' id='word_1_111' title='bbox 215 2665 244 2727; x_wconf 89' lang='lat' dir='ltr'>si</span> <span class='ocrx_word' id='word_1_112' title='bbox 261 2662 331 2728; x_wconf 90' lang='lat' dir='ltr'>duo</span> <span class='ocrx_word' id='word_1_113' title='bbox 356 2676 478 2746; x_wconf 88' lang='lat' dir='ltr'>poetae</span> <span class='ocrx_word' id='word_1_114' title='bbox 502 2663 648 2730; x_wconf 90' lang='lat' dir='ltr'>eandem</span> <span class='ocrx_word' id='word_1_115' title='bbox 669 2683 743 2730; x_wconf 92' lang='lat' dir='ltr'>rem</span> <span class='ocrx_word' id='word_1_116' title='bbox 766 2662 919 2730; x_wconf 88' lang='lat' dir='ltr'>breviter</span> <span class='ocrx_word' id='word_1_117' title='bbox 942 2677 1090 2746; x_wconf 87' lang='lat' dir='ltr'>narrent,</span> <span class='ocrx_word' id='word_1_118' title='bbox 1114 2682 1176 2730; x_wconf 93' lang='lat' dir='ltr'>cur</span> <span class='ocrx_word' id='word_1_119' title='bbox 1198 2681 1268 2731; x_wconf 91' lang='lat' dir='ltr'>non</span> 
     </span>
    </p>
   </div>
   <div class='ocr_carea' id='block_1_8' title="bbox 314 2957 1168 3112">
    <p class='ocr_par' dir='ltr' id='par_1_8' title="bbox 314 2957 1168 3112">
     <span class='ocr_line' id='line_1_20' title="bbox 314 2957 1168 3028; baseline 0.001 -14"><span class='ocrx_word' id='word_1_120' title='bbox 314 2976 392 3014; x_wconf 81' lang='lat' dir='ltr'>ausa</span> <span class='ocrx_word' id='word_1_121' title='bbox 409 2975 481 3014; x_wconf 82' lang='lat' dir='ltr'>auae</span> <span class='ocrx_word' id='word_1_122' title='bbox 499 2958 573 3028; x_wconf 77' lang='lat' dir='ltr'>quia</span> <span class='ocrx_word' id='word_1_123' title='bbox 591 2957 634 3012; x_wconf 79' lang='lat' dir='ltr'>sit</span> <span class='ocrx_word' id='word_1_124' title='bbox 652 2960 805 3028; x_wconf 72' lang='lat' dir='ltr'>quantiano</span> <span class='ocrx_word' id='word_1_125' title='bbox 822 2963 1010 3015; x_wconf 75' lang='lat' dir='ltr'>succumbere</span> <span class='ocrx_word' id='word_1_126' title='bbox 1028 2961 1168 3015; x_wconf 75' lang='lat' dir='ltr'>alumnae</span> 
     </span>
     <span class='ocr_line' id='line_1_21' title="bbox 318 3042 471 3112; baseline -0.007 -14"><span class='ocrx_word' id='word_1_127' title='bbox 318 3042 471 3112; x_wconf 71' lang='lat' dir='ltr'>(coniugi)</span> 
     </span>
    </p>
   </div>
   <div class='ocr_carea' id='block_1_9' title="bbox 214 3163 1269 3986">
    <p class='ocr_par' dir='ltr' id='par_1_9' title="bbox 214 3163 1269 3986">
     <span class='ocr_line' id='line_1_22' title="bbox 215 3163 1269 3218; baseline 0.002 -2"><span class='ocrx_word' id='word_1_128' title='bbox 215 3172 246 3217; x_wconf 91' lang='lat' dir='ltr'>ut</span> <span class='ocrx_word' id='word_1_129' title='bbox 263 3163 452 3216; x_wconf 82' lang='lat' dir='ltr'>succumbere</span> <span class='ocrx_word' id='word_1_130' title='bbox 480 3164 517 3217; x_wconf 91' lang='lat' dir='ltr'>sit</span> <span class='ocrx_word' id='word_1_131' title='bbox 535 3164 734 3217; x_wconf 82' lang='lat' dir='ltr'>concumbere.</span> <span class='ocrx_word' id='word_1_132' title='bbox 769 3178 871 3217; x_wconf 88' lang='lat' dir='ltr'>verum</span> <span class='ocrx_word' id='word_1_133' title='bbox 899 3163 953 3217; x_wconf 86' lang='lat' dir='ltr'>alia</span> <span class='ocrx_word' id='word_1_134' title='bbox 980 3165 1035 3218; x_wconf 93' lang='lat' dir='ltr'>hoc</span> <span class='ocrx_word' id='word_1_135' title='bbox 1062 3165 1126 3218; x_wconf 92' lang='lat' dir='ltr'>loco</span> <span class='ocrx_word' id='word_1_136' title='bbox 1152 3165 1196 3217; x_wconf 93' lang='lat' dir='ltr'>vis</span> <span class='ocrx_word' id='word_1_137' title='bbox 1224 3173 1269 3218; x_wconf 91' lang='lat' dir='ltr'>est</span> 
     </span>
     <span class='ocr_line' id='line_1_23' title="bbox 216 3245 1268 3316; baseline 0.002 -16"><span class='ocrx_word' id='word_1_138' title='bbox 216 3248 437 3314; x_wconf 86' lang='lat' dir='ltr'>praepositionis</span> <span class='ocrx_word' id='word_1_139' title='bbox 450 3247 619 3315; x_wconf 88' lang='lat' dir='ltr'>eademque,</span> <span class='ocrx_word' id='word_1_140' title='bbox 637 3249 752 3315; x_wconf 89' lang='lat' dir='ltr'>quaein</span> <span class='ocrx_word' id='word_1_141' title='bbox 765 3246 942 3316; x_wconf 64' lang='lat' dir='ltr'>conspiciendi</span> <span class='ocrx_word' id='word_1_142' title='bbox 953 3245 1161 3302; x_wconf 78' lang='lat' dir='ltr'>substituendi</span> <span class='ocrx_word' id='word_1_143' title='bbox 1173 3262 1268 3302; x_wconf 81' lang='lat' dir='ltr'>auoce-</span> 
     </span>
     <span class='ocr_line' id='line_1_24' title="bbox 215 3329 1268 3401; baseline 0.002 -16"><span class='ocrx_word' id='word_1_144' title='bbox 215 3329 308 3385; x_wconf 75' lang='lat' dir='ltr'>uendi</span> <span class='ocrx_word' id='word_1_145' title='bbox 325 3332 421 3385; x_wconf 91' lang='lat' dir='ltr'>verbis</span> <span class='ocrx_word' id='word_1_146' title='bbox 440 3332 574 3385; x_wconf 88' lang='lat' dir='ltr'>cernitur.</span> <span class='ocrx_word' id='word_1_147' title='bbox 599 3333 676 3385; x_wconf 91' lang='lat' dir='ltr'>unde</span> <span class='ocrx_word' id='word_1_148' title='bbox 694 3332 824 3386; x_wconf 83' lang='lat' dir='ltr'>succuba</span> <span class='ocrx_word' id='word_1_149' title='bbox 836 3340 881 3386; x_wconf 92' lang='lat' dir='ltr'>est</span> <span class='ocrx_word' id='word_1_150' title='bbox 893 3332 1012 3400; x_wconf 81' lang='lat' dir='ltr'>paeleoe.</span> <span class='ocrx_word' id='word_1_151' title='bbox 1037 3333 1140 3387; x_wconf 91' lang='lat' dir='ltr'>collato</span> <span class='ocrx_word' id='word_1_152' title='bbox 1153 3333 1268 3401; x_wconf 87' lang='lat' dir='ltr'>Hygino</span> 
     </span>
     <span class='ocr_line' id='line_1_25' title="bbox 216 3417 1266 3485; baseline -0.002 -15"><span class='ocrx_word' id='word_1_153' title='bbox 216 3418 320 3470; x_wconf 91' lang='lat' dir='ltr'>horum</span> <span class='ocrx_word' id='word_1_154' title='bbox 341 3430 479 3468; x_wconf 90' lang='lat' dir='ltr'>versuum</span> <span class='ocrx_word' id='word_1_155' title='bbox 507 3425 535 3469; x_wconf 93' lang='lat' dir='ltr'>et</span> <span class='ocrx_word' id='word_1_156' title='bbox 561 3417 633 3483; x_wconf 84' lang='lat' dir='ltr'>ipso,</span> <span class='ocrx_word' id='word_1_157' title='bbox 659 3425 690 3469; x_wconf 93' lang='lat' dir='ltr'>ut</span> <span class='ocrx_word' id='word_1_158' title='bbox 716 3417 836 3483; x_wconf 87' lang='lat' dir='ltr'>videtur,</span> <span class='ocrx_word' id='word_1_159' title='bbox 863 3418 984 3471; x_wconf 90' lang='lat' dir='ltr'>memori</span> <span class='ocrx_word' id='word_1_160' title='bbox 1012 3426 1087 3485; x_wconf 90' lang='lat' dir='ltr'>poet.</span> <span class='ocrx_word' id='word_1_161' title='bbox 1105 3426 1170 3471; x_wconf 87' lang='lat' dir='ltr'>astr.</span> <span class='ocrx_word' id='word_1_162' title='bbox 1189 3417 1220 3470; x_wconf 87' lang='grc' dir='ltr'>ΙΙ.</span> <span class='ocrx_word' id='word_1_163' title='bbox 1242 3419 1266 3469; x_wconf 93' lang='lat' dir='ltr'>l:</span> 
     </span>
     <span class='ocr_line' id='line_1_26' title="bbox 216 3499 1268 3570; baseline 0.002 -17"><span class='ocrx_word' id='word_1_164' title='bbox 216 3507 338 3567; x_wconf 85' lang='lat' dir='ltr'>„negant</span> <span class='ocrx_word' id='word_1_165' title='bbox 354 3499 465 3567; x_wconf 88' lang='lat' dir='ltr'>Tethyn</span> <span class='ocrx_word' id='word_1_166' title='bbox 484 3499 593 3553; x_wconf 89' lang='lat' dir='ltr'>Oceani</span> <span class='ocrx_word' id='word_1_167' title='bbox 614 3514 733 3554; x_wconf 83' lang='lat' dir='ltr'>uxorem</span> <span class='ocrx_word' id='word_1_168' title='bbox 752 3502 780 3555; x_wconf 89' lang='lat' dir='ltr'>id</span> <span class='ocrx_word' id='word_1_169' title='bbox 798 3499 902 3568; x_wconf 80' lang='lat' dir='ltr'>(sidus)</span> <span class='ocrx_word' id='word_1_170' title='bbox 929 3503 1065 3570; x_wconf 88' lang='lat' dir='ltr'>recipere,</span> <span class='ocrx_word' id='word_1_171' title='bbox 1092 3540 1148 3554; x_wconf 84' lang='lat'>...</span> <span class='ocrx_word' id='word_1_172' title='bbox 1167 3540 1174 3555; x_wconf 90' lang='lat'><strong>.</strong></span> <span class='ocrx_word' id='word_1_173' title='bbox 1192 3502 1268 3569; x_wconf 89' lang='lat' dir='ltr'>quod</span> 
     </span>
     <span class='ocr_line' id='line_1_27' title="bbox 214 3583 1268 3652; baseline 0.002 -15"><span class='ocrx_word' id='word_1_174' title='bbox 214 3583 321 3651; x_wconf 89' lang='lat' dir='ltr'>Tethys</span> <span class='ocrx_word' id='word_1_175' title='bbox 340 3583 458 3637; x_wconf 90' lang='lat' dir='ltr'>lunonis</span> <span class='ocrx_word' id='word_1_176' title='bbox 485 3585 523 3637; x_wconf 91' lang='lat' dir='ltr'>sit</span> <span class='ocrx_word' id='word_1_177' title='bbox 548 3585 651 3650; x_wconf 90' lang='lat' dir='ltr'>nutrix,</span> <span class='ocrx_word' id='word_1_178' title='bbox 679 3586 725 3638; x_wconf 87' lang='lat' dir='ltr'>cni</span> <span class='ocrx_word' id='word_1_179' title='bbox 744 3583 865 3639; x_wconf 89' lang='lat' dir='ltr'>Callisto</span> <span class='ocrx_word' id='word_1_180' title='bbox 889 3586 1074 3640; x_wconf 88' lang='lat' dir='ltr'>succubuerit</span> <span class='ocrx_word' id='word_1_181' title='bbox 1091 3595 1123 3638; x_wconf 91' lang='lat' dir='ltr'>ut</span> <span class='ocrx_word' id='word_1_182' title='bbox 1140 3586 1268 3652; x_wconf 85' lang='lat' dir='ltr'>paelex“,</span> 
     </span>
     <span class='ocr_line' id='line_1_28' title="bbox 215 3667 1268 3737; baseline 0 -15"><span class='ocrx_word' id='word_1_183' title='bbox 215 3668 296 3722; x_wconf 90' lang='lat' dir='ltr'>nullo</span> <span class='ocrx_word' id='word_1_184' title='bbox 314 3668 508 3722; x_wconf 86' lang='lat' dir='ltr'>additamento</span> <span class='ocrx_word' id='word_1_185' title='bbox 526 3683 600 3737; x_wconf 92' lang='lat' dir='ltr'>opus</span> <span class='ocrx_word' id='word_1_186' title='bbox 628 3683 695 3723; x_wconf 92' lang='lat' dir='ltr'>esse</span> <span class='ocrx_word' id='word_1_187' title='bbox 720 3669 833 3723; x_wconf 88' lang='lat' dir='ltr'>videbis</span> <span class='ocrx_word' id='word_1_188' title='bbox 860 3667 896 3735; x_wconf 90' lang='lat' dir='ltr'>(v.</span> <span class='ocrx_word' id='word_1_189' title='bbox 915 3668 997 3723; x_wconf 76' lang='lat' dir='ltr'>hem.</span> <span class='ocrx_word' id='word_1_190' title='bbox 1016 3669 1158 3735; x_wconf 89' lang='lat' dir='ltr'>Behrens,</span> <span class='ocrx_word' id='word_1_191' title='bbox 1187 3670 1268 3723; x_wconf 88' lang='lat' dir='ltr'>misc.</span> 
     </span>
     <span class='ocr_line' id='line_1_29' title="bbox 215 3752 1268 3819; baseline 0.001 -14"><span class='ocrx_word' id='word_1_192' title='bbox 215 3753 275 3806; x_wconf 90' lang='lat' dir='ltr'>crit.</span> <span class='ocrx_word' id='word_1_193' title='bbox 294 3767 320 3819; x_wconf 90' lang='lat' dir='ltr'>p.</span> <span class='ocrx_word' id='word_1_194' title='bbox 336 3752 388 3819; x_wconf 85' lang='lat'>19).</span> <span class='ocrx_word' id='word_1_195' title='bbox 416 3752 472 3805; x_wconf 90' lang='lat' dir='ltr'>nisi</span> <span class='ocrx_word' id='word_1_196' title='bbox 494 3766 563 3805; x_wconf 88' lang='lat' dir='ltr'>vero</span> <span class='ocrx_word' id='word_1_197' title='bbox 582 3752 709 3806; x_wconf 86' lang='lat' dir='ltr'>Maassio</span> <span class='ocrx_word' id='word_1_198' title='bbox 727 3753 821 3807; x_wconf 88' lang='lat' dir='ltr'>credis</span> <span class='ocrx_word' id='word_1_199' title='bbox 844 3754 890 3806; x_wconf 91' lang='lat' dir='ltr'>hic</span> <span class='ocrx_word' id='word_1_200' title='bbox 910 3755 1031 3807; x_wconf 88' lang='lat' dir='ltr'>eandem</span> <span class='ocrx_word' id='word_1_201' title='bbox 1050 3754 1182 3807; x_wconf 87' lang='lat' dir='ltr'>lacunam</span> <span class='ocrx_word' id='word_1_202' title='bbox 1202 3767 1268 3807; x_wconf 91' lang='lat' dir='ltr'>con·</span> 
     </span>
     <span class='ocr_line' id='line_1_30' title="bbox 216 3837 441 3902; baseline 0.013 -14"><span class='ocrx_word' id='word_1_203' title='bbox 216 3837 344 3902; x_wconf 86' lang='lat' dir='ltr'>spicuam</span> <span class='ocrx_word' id='word_1_204' title='bbox 365 3851 441 3891; x_wconf 86' lang='lat' dir='ltr'>esse.</span> 
     </span>
     <span class='ocr_line' id='line_1_31' title="bbox 251 3917 508 3986; baseline 0.008 -16"><span class='ocrx_word' id='word_1_205' title='bbox 251 3917 289 3983; x_wconf 82' lang='lat'>(8)</span> <span class='ocrx_word' id='word_1_206' title='bbox 309 3933 417 3986; x_wconf 84' lang='lat' dir='ltr'>argum.</span> <span class='ocrx_word' id='word_1_207' title='bbox 435 3918 465 3973; x_wconf 91' lang='grc' dir='ltr'>ΙΙ.</span> <span class='ocrx_word' id='word_1_208' title='bbox 482 3921 508 3973; x_wconf 87' lang='grc'>6.</span> 
     </span>
    </p>
   </div>
   <div class='ocr_carea' id='block_1_10' title="bbox 0 0 1494 4546">
    <p class='ocr_par' dir='ltr' id='par_1_10' title="bbox 0 0 1494 4546">
     <span class='ocr_line' id='line_1_32' title="bbox 0 0 1494 4546; baseline 0 0"><span class='ocrx_word' id='word_1_209' title='bbox 0 0 1494 4546; x_wconf 95' lang='lat' dir='ltr'> </span> 
     </span>
    </p>
   </div>
  </div>
 </body>
</html>
