2978 4546
679 353 798 462 (88)

217 529 319 613 (204)
345 530 526 597 Ennomon
559 542 731 613 tamquam
767 526 842 595 latis
866 528 1055 597 immitibus
1077 543 1189 597 actum
1216 533 1268 598 in-

217 641 296 707 duci
320 640 415 724 quod
437 637 669 706 confundatur
703 657 781 705 cum
805 637 913 706 altero
936 637 1094 706 Ennomo
1122 643 1179 722 qui
1204 639 1269 708 iuit

218 744 393 832 οἰωνιστής,

216 967 250 1032 ll.
266 975 297 1032 B
312 972 383 1033 859
417 961 486 1030 ἀλλ’
504 963 560 1032 οὐκ
582 969 744 1032 οἰωνοῖσιν
766 962 900 1052 ἐρύσατο
914 964 992 1053 κῆρα
1012 966 1179 1049 μέλαιναν.

258 1199 337 1252 nota
360 1198 473 1252 autem
497 1198 634 1268 poetam
659 1198 730 1251 tum
755 1183 913 1251 facillime
947 1184 1159 1268 homonyma
1183 1207 1268 1254 con-

215 1294 362 1363 fundere
386 1297 553 1377 potuisse,
576 1312 654 1359 cum
679 1292 962 1377 excerptionibus
986 1307 1150 1361 uteretur.

256 1439 344 1504 quae
368 1433 480 1487 autem
498 1419 659 1486 Arachne
675 1422 709 1485 in
732 1418 800 1485 telo
825 1420 981 1502 designat
1004 1421 1151 1487 deorum
1176 1419 1264 1488 furta

217 1528 318 1611 (205)
342 1528 491 1595 similem
516 1530 684 1612 originem
701 1528 855 1594 clamant.
887 1531 955 1611 egit
971 1529 1014 1594 de
1031 1527 1123 1595 lovis
1139 1533 1264 1596 amori·

215 1637 279 1706 bus
317 1637 497 1705 Michaelis
523 1635 637 1719 (206),
673 1639 731 1719 qui
770 1655 848 1702 cum
886 1638 920 1703 in
953 1650 1051 1704 veste
1085 1636 1263 1704 Arachnes

216 1751 326 1831 pictae
361 1746 469 1814 luisse
493 1747 650 1814 dicantur
672 1745 823 1830 paelices
847 1745 937 1812 Iovis
966 1746 1087 1813 haece:
1125 1745 1265 1831 Europa

215 1857 352 1923 Asterie
378 1855 471 1922 Leda
495 1855 645 1939 Antiope
668 1855 835 1922 Alcmene
859 1854 978 1921 Danae
1001 1853 1131 1938 Aegina
1164 1855 1266 1924 Mne-

216 1984 362 2048 mosyne
386 1964 607 2048 Proserpina,
630 1964 751 2031 harum
776 1962 902 2030 nullam
931 1966 995 2029 nisi
1019 1963 1179 2031 Asterien
1204 1966 1266 2031 de·

215 2093 294 2140 esse
308 2074 548 2141 animadvertit
565 2075 598 2140 in
612 2072 784 2140 indicibus
801 2072 996 2153 mulierum,
1009 2090 1095 2156 quas
1111 2071 1266 2158 luppiter

214 2180 477 2248 transformatus
509 2183 645 2262 vitiarit,
681 2184 739 2264 qui
774 2194 888 2248 extant
917 2181 1008 2264 apud
1043 2178 1264 2249 Clementem

214 2291 407 2357 Romanum
433 2288 547 2373 (207).
592 2288 649 2355 ubi
683 2291 824 2373 quidem
848 2289 1004 2358 Asteries
1028 2308 1156 2357 nomen
1180 2310 1264 2358 casu

214 2401 388 2467 excidisse
411 2401 504 2467 idem
529 2399 752 2485 probabiliter
775 2402 922 2466 coniecit
947 2398 1063 2483 (208).

256 2528 289 2593 ln
312 2526 466 2611 Neptuni
500 2524 677 2592 amoribus
702 2526 885 2593 ridiculum
920 2529 954 2592 in
978 2527 1120 2593 modum
1145 2525 1264 2610 lapsus

215 2648 266 2701 est
282 2631 446 2716 Ovidius,
469 2638 567 2702 cuius
591 2654 748 2703 errorem
772 2634 916 2719 quilibet
933 2635 1100 2702 concedat
1116 2653 1264 2701 necesse

215 2757 266 2809 est
289 2761 352 2826 per
375 2762 477 2810 usum
501 2743 621 2810 harum
647 2763 731 2827 quas
756 2745 833 2810 dico
851 2746 1115 2826 excerptionum
1133 2745 1265 2827 optime

215 2851 396 2935 explicari:

212 3069 327 3124 Metam.
346 3069 390 3123 Vi.
413 3069 464 3123 116

713 3180 743 3224 tu
760 3171 842 3225 visus
861 3172 988 3240 Enipeus

423 3272 517 3339 gignis
535 3270 662 3326 Aloidas.

211 3440 270 3447 ——0-
278 3441 589 3448 ——vu-„m--a—--
597 3442 620 3446 .--
626 3441 667 3447 η...
673 3441 694 3446 -.
698 3441 731 3446 -..
736 3439 1263 3448 ..-.---—---—---.--——————-

246 3552 320 3619 (204)
342 3555 370 3607 in
389 3553 595 3608 commentario
615 3555 748 3609 editionis
767 3570 844 3609 suae.

245 3642 321 3712 (205)
339 3644 455 3698 Metam.
472 3645 518 3698 Vl.
540 3645 686 3701 tos-126.

244 3736 320 3805 (200)
340 3739 357 3791 l.
376 3739 392 3792 l.
410 3752 436 3806 p.
454 3739 491 3793 50
503 3753 547 3807 sq.

245 3829 321 3899 (207)
340 3833 417 3885 hom.
435 3830 468 3885 V.
491 3833 532 3900 13,
550 3848 663 3901 recogn.
681 3832 711 3886 X.
729 3835 774 3886 22.

245 3921 320 3991 (208)
340 3925 356 3976 i.
377 3925 393 3976 l.
412 3937 438 3991 p.
456 3925 500 3977 40.
