2978 4546
687 352 806 462 (11)

218 529 402 594 varietates
432 544 606 609 unamque
636 526 902 608 discrepantiam
927 526 1078 609 ideoque
1101 525 1270 593 ambobus

220 634 350 703 iontem
388 653 610 724 communem
652 633 760 702 fuisse
798 637 932 717 statuit,
977 653 1080 718 quem
1119 634 1271 703 Ovidius

219 744 362 812 liberius
399 743 603 827 adhibuerit,
640 744 772 812 scilicet
809 747 853 812 ita
890 743 1099 826 adhibuerit,
1136 759 1172 811 ut
1209 749 1271 813 tria

218 856 358 920 nomina
381 868 512 922 temere
535 856 721 920 immutarit
743 868 844 938 atque
868 855 1078 936 corruperit,
1101 853 1210 920 semel
1234 857 1268 920 in

217 962 330 1030 fabula
350 964 562 1046 simpliciore
584 962 747 1029 nonnulla
764 965 906 1030 novarit.
937 962 1001 1028 sed
1017 962 1270 1046 perlustremus

217 1072 351 1156 singula
375 1071 464 1154 (13).

259 1215 454 1280 anonymus
477 1197 579 1265 habet
596 1195 798 1286 Ὀρχομενόν
821 1211 853 1264 et
875 1195 1095 1282 Νυκτινόμην,
1119 1194 1270 1264 Ovidius

218 1305 435 1375 Orchamum
461 1305 538 1390 (14)
571 1322 604 1374 er
626 1307 857 1390 Nyctimenen
883 1304 972 1389 (15).
1017 1325 1084 1390 qua
1105 1309 1270 1373 varietate

217 1414 300 1481 nihil
344 1414 501 1483 eflicitur.
570 1433 711 1483 errores
759 1429 839 1483 sunt
876 1417 1057 1498 anonymi,
1109 1432 1268 1481 errorum

216 1517 330 1590 autem
365 1542 490 1591 causae
523 1527 737 1592 innumerae.
792 1527 845 1591 sin
880 1527 1005 1606 minua,
1039 1537 1152 1589 tamen
1187 1523 1270 1589 nihil

217 1637 384 1718 sequitur.

259 1758 411 1826 Ovidius
446 1777 509 1843 per
543 1777 701 1827 errorem
733 1760 903 1824 Phocaica
939 1760 1059 1824 teliore
1087 1756 1165 1841 (16)
1204 1776 1268 1841 pro

217 1866 367 1935 Phocica
390 1867 495 1950 dedit,
518 1886 713 1950 anonymus
737 1870 898 1936 correxit.
925 1871 976 1935 sic
999 1882 1093 1934 recte
1109 1869 1268 1950 opinatus

218 1990 270 2043 est
286 1976 511 2044 Boehlavius.
551 1976 614 2045 hac
638 1979 682 2045 de
705 1995 743 2045 re
766 1992 879 2045 tamen
903 1978 1080 2061 disputare
1103 1994 1268 2060 superse·

216 2085 301 2153 dere
334 2103 492 2169 possum,
526 2104 605 2152 cum
639 2104 683 2152 ne
717 2089 793 2170 ipse
816 2087 989 2154 Maassius
1024 2086 1164 2170 quidem
1187 2086 1268 2153 inde

216 2193 393 2278 proiectus
409 2197 463 2277 sit,
485 2195 549 2262 sed
572 2209 701 2262 tantum
724 2214 807 2262 suae
824 2198 1014 2263 sententiae
1037 2213 1107 2262 non
1130 2194 1268 2262 obstare

216 2301 422 2386 significarit.

257 2447 452 2512 anonymus
476 2430 578 2497 habet
597 2428 812 2514 Clymenum
824 2428 1054 2512 Nyctinomes
1078 2443 1267 2513 parentem,

218 2537 262 2603 de
295 2555 364 2621 quo
400 2535 552 2606 Ovidius
586 2538 680 2606 nihil.
735 2537 960 2622 probabiliter
993 2556 1076 2622 ergo
1110 2540 1267 2622 sequitur

216 2645 368 2729 syllogae
417 2647 599 2716 Mediceae
653 2648 800 2714 subesse
855 2650 1030 2731 epitomen
1081 2647 1268 2714 Metamor-

216 2751 376 2834 phoseon
414 2754 550 2837 qualem
592 2755 686 2821 dedit
722 2753 928 2836 Lactantius,
973 2755 1104 2822 scilicet
1147 2758 1266 2839 paucis

216 2860 457 2928 additamentis
481 2861 775 2946 mythographicis
798 2862 1051 2946 locupletatam.

257 3013 363 3061 unum
398 3010 511 3063 tamen
535 3008 774 3079 argumentum
797 2994 969 3062 Maassius
1004 2995 1145 3080 protulit
1172 2997 1266 3079 quod

214 3107 410 3187 speciosius
444 3118 505 3171 est.
560 3104 651 3188 apud
685 3122 897 3187 anonymum
930 3102 1070 3186 Clytien
1104 3123 1183 3172 esse
1210 3123 1267 3171 so-

214 3228 331 3279 rorem
358 3210 595 3295 Leucothoes,
622 3213 714 3296 apud
742 3210 912 3281 Ovidium
940 3211 1067 3280 nullam
1095 3215 1265 3281 intereas

215 3320 431 3389 intercedere
469 3323 773 3390 necessitudinem.
832 3322 943 3389 dicam
981 3322 1064 3406 quid
1101 3321 1184 3388 mihi
1230 3325 1265 3388 in

248 3642 305 3713 (13)
324 3643 362 3699 cl.
380 3645 411 3698 R.
430 3645 527 3713 Franz,
545 3648 563 3699 l.
582 3646 599 3699 l.
617 3661 643 3715 p.
661 3647 724 3700 264.

247 3736 304 3806 (14)
323 3737 438 3791 Metam.
457 3736 504 3789 IV.
521 3739 584 3793 212.

247 3827 304 3896 (15)
322 3829 437 3885 Metam.
456 3828 485 3882 11.
502 3830 558 3884 590
577 3840 605 3884 et
621 3832 684 3885 593.

248 3919 304 3985 (16)
322 3920 437 3974 Metam.
456 3921 485 3973 ll.
503 3921 565 3974 569.
