2978 4546
683 368 802 475 (1))

215 540 367 607 incendit
389 544 575 624 ipsumque
592 555 726 607 mutans
751 543 785 606 in
809 540 929 623 lupum
954 541 1071 606 docuit
1087 540 1264 624 hospitum

216 652 289 715 iura
312 667 380 715 non
404 649 620 732 polluenda.“

257 762 385 827 mentio
409 757 575 827 Callistus
599 760 657 826 illo
681 774 838 843 tempore
867 758 1014 826 violatae
1037 758 1201 826 abhorret
1224 757 1264 823 ab

215 866 357 951 Ovidi0‚
394 882 508 936 cetera
546 872 633 937 mire
677 882 880 953 congruunt.
939 869 1002 936 sed
1040 868 1265 934 nihilominus

214 992 336 1046 testem
360 981 501 1046 minime
527 996 667 1063 gravem
691 997 945 1061 recusaremus,
968 980 1034 1045 nisi
1061 977 1128 1043 loci
1151 989 1267 1043 aucto-

215 1090 346 1154 ritatem
406 1086 543 1155 firmare
601 1090 780 1156 videretur
843 1088 1002 1155 scholion
1060 1085 1160 1154 Servi
1223 1085 1265 1152 ad

214 1195 370 1263 Aeneida
394 1195 472 1279 (20)
498 1198 592 1281 quod
628 1201 742 1281 ipsum
776 1198 917 1282 quidem
941 1197 1161 1281 quantumvis
1185 1212 1267 1262 con-

214 1318 358 1372 tractum
392 1320 504 1373 tamen
538 1305 593 1373 vel
628 1309 661 1372 in
696 1306 839 1389 singulis
872 1305 990 1372 verbis
1025 1323 1104 1372 cum
1128 1302 1267 1386 Mytho·

214 1415 345 1499 grapho
367 1415 533 1483 Vaticano
557 1415 584 1480 ll
601 1417 823 1483 consentiens
847 1416 1061 1481 demonstrat
1083 1413 1163 1480 huic
1186 1411 1267 1478 sub-

214 1542 295 1590 esse
318 1524 477 1590 scholion
501 1525 544 1591 ad
565 1523 771 1608 Vergilium:

257 1682 272 1709 ,
298 1683 304 1696 .
329 1683 336 1697 .
360 1682 398 1698 ..
427 1631 609 1715 Lycaonis,
653 1636 711 1717 qui
757 1652 835 1700 cum
880 1633 1036 1716 hospites
1081 1646 1265 1714 susceptos

214 1740 365 1823 hospitio
383 1755 532 1822 necaret,
554 1756 752 1824 asuscepto
774 1740 866 1821 love,
890 1755 1073 1824 postquam
1091 1743 1122 1806 ei
1146 1738 1265 1822 epulas

215 1848 381 1915 humanas
405 1848 576 1931 adposuit,
603 1866 728 1915 versus
752 1851 785 1914 in
809 1847 929 1931 lupum
953 1848 1104 1914 ostendit
1126 1847 1266 1930 hospitii

216 1958 289 2023 iura
312 1974 381 2022 non
406 1975 485 2024 esse
508 1956 697 2023 violanda.“

256 2079 357 2149 atque
374 2084 418 2132 ex
434 2065 558 2133 eodem
575 2065 710 2132 scholio
726 2066 768 2132 ad
780 2066 970 2150 Vergilium
987 2065 1085 2133 fluxit
1107 2066 1265 2134 scholion

214 2174 256 2239 ad
279 2171 423 2241 Statium
449 2173 543 2257 (2t):

260 2282 418 2366 „Lycaon
458 2304 520 2352 rex
557 2284 727 2353 Arcadiae
773 2285 890 2353 Iovem
936 2288 1074 2369 excepit
1113 2284 1264 2368 hospitio

215 2410 363 2476 cumque
378 2393 483 2460 vellet
507 2394 690 2477 explorare
707 2413 749 2461 an
765 2413 849 2461 vere
866 2393 1020 2478 Iuppiter
1036 2405 1139 2474 esset,
1162 2411 1265 2476 quem

214 2500 319 2567 domo
335 2517 548 2585 susceperat,
571 2503 738 2569 humanas
762 2506 793 2570 ei
810 2521 932 2570 carnes
948 2503 1119 2585 apposuit.
1158 2498 1266 2584 Quod

215 2629 292 2676 cum
337 2609 491 2694 Iuppiter
534 2615 749 2695 agnovisset,
799 2612 941 2677 domum
991 2612 1067 2677 eius
1115 2610 1267 2677 incendit

215 2721 399 2803 ipsumque
445 2723 586 2786 mutavit
630 2723 664 2786 in
709 2720 828 2803 lupum
873 2722 931 2804 qui
976 2736 1099 2803 graece
1143 2719 1268 2785 dicitur

214 2822 336 2901 λύκος.“

257 2937 426 3002 iniuriane
450 2936 551 3018 igitur
573 2934 655 3000 olim
674 2933 848 3017 Hauptius
862 2933 940 3017 (22)
958 2935 1131 3002 adnotavit
1153 2933 1267 3000 solum

215 3042 384 3111 Ovidium
409 3062 550 3111 narrare
572 3043 771 3127 Lycaonem
796 3042 914 3111 lovem
939 3063 1063 3112 necare
1085 3042 1268 3109 voluisse?

215 3153 307 3221 idem
332 3168 413 3236 erat,
447 3169 483 3220 ut
505 3155 616 3236 vides,
651 3157 684 3220 in
718 3155 853 3222 scholio
887 3155 930 3221 ad
951 3153 1142 3237 Vergilium
1174 3153 1267 3236 quod

216 3265 360 3346 insuper
408 3262 498 3330 clare
543 3263 678 3331 dicebat
721 3263 919 3347 Lycaonem
964 3263 1103 3330 solitum
1159 3259 1267 3328 fuisse

216 3371 372 3454 hospites
396 3390 532 3439 necare.
576 3392 618 3439 an
652 3390 738 3440 vero
766 3387 915 3457 praestat
938 3372 1068 3456 Haupti
1102 3371 1266 3437 iudicium

216 3482 304 3546 tueri
342 3482 523 3547 statuendo
561 3481 719 3548 scholion
756 3481 798 3547 ad
833 3480 1024 3565 Vergilium
1063 3499 1186 3547 recens
1224 3498 1268 3545 ex

251 3754 308 3819 (20)
327 3754 345 3806 1.
363 3756 423 3809 731.

251 3836 307 3903 (21)
324 3837 367 3890 x1.
388 3839 447 3891 128.

252 3919 308 3984 (22)
328 3920 362 3973 ad
382 3919 498 3974 Metam.
516 3921 534 3973 l.
553 3919 616 3972 224.
