2978 4546
759 338 879 443 (⁰⁶)

294 507 543 576 sacrificantem
568 507 656 589 facit,
689 526 777 591 quae
812 527 891 575 eum
916 512 1109 592 praesentia
1144 525 1177 578 et
1200 511 1347 579 consilio

294 617 482 684 adiuverat.
512 634 595 701 ergo
611 615 839 684 differentiam
857 620 1015 700 quamvis
1031 618 1242 686 levissimam
1260 624 1349 688 inter

294 728 484 809 scriptores
500 727 716 793 intercedere
732 729 923 808 statuimus,
946 728 1021 793 sive
1038 723 1190 794 Ovidius
1214 729 1281 796 hoc
1297 732 1348 796 in-

294 837 428 902 novarit
451 837 525 901 sive
549 833 696 901 Nunnus
720 837 816 902 initio
839 833 964 901 libriV
986 835 1060 901 aliis
1085 834 1237 905 fontibus
1261 858 1346 905 usus

294 947 336 1009 sit
359 957 459 1028 atque
483 946 515 1009 in
540 941 607 1010 fine
631 942 706 1010 libri
730 945 982 1028 praecedentis.

333 1187 474 1255 Metam.
498 1186 549 1253 111.
573 1192 634 1254 49:

493 1330 547 1383 hos
566 1338 648 1383 necat
666 1329 765 1383 adflata
784 1328 893 1383 funesti
911 1329 976 1382 tabe
994 1331 1099 1383 veneni

333 1497 448 1565 Nonn.
472 1496 526 1565 IV.
550 1502 636 1564 370:

555 1644 607 1705 καὶ
629 1640 757 1727 χλωρόν
779 1639 934 1725 ἆνιζρυγεν
955 1639 1064 1730 ἆφρδν
1085 1638 1234 1707 ὀδόντων

392 1753 435 1826 εἷς
457 1750 555 1832 δέμας
576 1748 713 1834 ἠιθέοιο.

335 2000 367 2051 et
390 1987 481 2069 apud
505 1982 673 2052 Ovidium
698 2000 731 2052 et
753 1986 844 2069 apud
861 1984 1025 2051 Nonnum
1043 1982 1199 2053 Cadmus
1224 1983 1346 2050 molari

292 2113 331 2160 ae
365 2094 491 2160 deinde
525 2093 618 2161 ferro
653 2107 852 2177 serpentem
876 2095 1081 2178 aggreditur,
1115 2112 1192 2160 cum
1219 2092 1275 2160 alii
1299 2092 1346 2159 la-

292 2204 382 2286 pide,
408 2202 462 2268 alii
486 2202 598 2286 gladio
623 2221 701 2269 eum
727 2219 899 2286 pugnasse
923 2216 1121 2270 narrassent
1145 2200 1259 2284 (141).

331 2446 470 2513 Metam.
493 2444 544 2512 111.
568 2451 613 2512 77
631 2464 720 2530 sqq.:

390 2580 452 2646 ipse
470 2580 558 2634 modo
576 2581 753 2633 immensum
773 2581 859 2647 spiris
879 2579 1051 2634 iacientibus
1069 2580 1169 2634 orbem

388 2663 518 2730 cingitur,
537 2664 680 2716 interdum
701 2665 785 2731 longa
802 2664 882 2717 trabe
900 2665 1004 2718 rectior
1022 2672 1096 2717 astat
1115 2702 1122 2717 .
1140 2702 1147 2716 .
1166 2702 1171 2714 .

287 2772 319 2824 81
389 2771 464 2823 cedit
483 2770 662 2839 Agenorides
682 2773 798 2838 paulum
817 2772 970 2838 spolioque
989 2772 1082 2825 leonis

387 2856 512 2908 sustinet
532 2857 676 2908 incursus.

288 3142 435 3195 oraculum
456 3140 484 3192 in
503 3141 593 3194 schol.
614 3139 677 3193 Eur.
697 3140 804 3192 Phoen.
822 3140 889 3192 6³8:
919 3139 962 3203 riv
983 3139 1034 3208 μὲν
1055 3132 1143 3191 inuata
1160 3136 1340 3209 μελαμᾳύιῑλῳ

289 3224 381 3275 Χθονὶ
400 3223 491 3296 ῥέζειν.

321 3321 395 3390 (141)
415 3325 505 3377 schol.
524 3324 588 3376 Eur.
608 3324 715 3377 Phoen.
732 3323 787 3376 662
813 3321 828 3375 ὁ
848 3323 899 3394 μὲν
923 3318 970 3375 οὖν
989 3320 1147 3382 Ἑλλάνικος
1169 3325 1237 3391 λίθῳ
1260 3322 1341 3391 φησὶν

288 3407 465 3478 ἀναιρεθῆναι
476 3425 522 3460 τον
538 3402 680 3478 δράκοντα,
697 3405 712 3458 ὁ
729 3407 757 3458 δὲ
772 3403 925 3476 Φερεκύδης
937 3410 1016 3478 ξίφει.
1035 3405 1100 3460 Eur.
1113 3405 1220 3458 Phoen.
1231 3403 1287 3458 662
1296 3419 1341 3471 sq.

287 3488 319 3542 δν
337 3490 380 3541 Ina*
394 3492 524 3561 χέρνιβας
539 3490 636 3561 μολών
655 3487 771 3559 Κάδμος
788 3489 867 3543 ὤλεσε
883 3491 1028 3563 μαρμάρῳ.
1063 3491 1091 3544 in
1109 3489 1236 3544 vasculis
1255 3488 1339 3555 pictis

288 3587 404 3641 quoque
423 3572 552 3628 Cadmus
574 3582 622 3627 aut
640 3574 734 3641 lapide
755 3582 862 3642 pugnat
889 3575 924 3642 (v.
943 3575 1137 3642 Furtwiingier
1152 3571 1296 3625 Mirzsitz.
1314 3571 1340 3623 d.

288 3659 321 3710 Α.
339 3655 410 3710 Ges.
431 3657 496 3710 1891
526 3657 558 3711 D.
573 3657 600 3712 L.
613 3657 642 3711 Z.
665 3658 746 3726 1891,
766 3656 829 3723 471)
857 3666 906 3711 aut
932 3656 1009 3712 ferro
1037 3657 1073 3724 (e.
1090 3672 1116 3725 g.
1134 3656 1220 3724 antiq.
1245 3655 1339 3708 Berol.

286 3739 379 3806 2634).
414 3755 536 3809 quorum
561 3743 725 3796 testimonia
752 3744 781 3796 in
807 3742 855 3795 tali
883 3756 914 3795 re
941 3741 1033 3795 fateor
1058 3742 1137 3809 parvi
1163 3739 1341 3794 aestimanda

287 3839 363 3891 esse,
389 3840 455 3879 cum
474 3825 603 3880 Cadmus
623 3827 717 3893 lapide
744 3835 772 3880 et
797 3826 873 3879 ierro
901 3827 989 3879 simui
1016 3838 1148 3892 pugnans
1175 3825 1252 3891 pingi
1281 3837 1339 3876 non

287 3919 394 3977 posset.
