2978 4546
680 346 799 452 (tl)

216 515 370 584 debatur.
414 531 478 600 ego
511 534 609 599 vcro,
642 533 850 601 quamquam
884 514 969 584 haec
999 535 1017 582 a
1047 514 1200 583 Roberto
1235 530 1270 584 et

215 628 348 693 acutius
371 626 509 692 inventa
531 638 565 692 et
580 623 740 692 subtilius
763 624 931 709 explicata
951 637 1031 691 sunt
1046 637 1080 691 et
1095 623 1270 708 omnibus,

216 733 311 818 quod
333 735 452 815 sciam,
473 746 551 817 apte
574 736 663 802 inter
685 752 724 802 se
748 732 937 801 cohaerere
959 733 1132 815 videntur,
1154 746 1270 801 tamen

217 861 261 910 ne
280 843 395 909 minus
414 860 498 910 vera
514 845 583 910 sint
597 860 823 927 summopere
838 860 976 911 vereor.
1010 845 1160 927 primum
1176 844 1270 910 enirn

217 949 300 1019 nihil
324 963 386 1034 est,
410 969 472 1019 cur
494 951 617 1019 eadem
640 971 730 1037 quae
753 954 787 1019 in
809 951 958 1019 Medeae
980 950 1168 1036 hypothesi
1189 950 1271 1019 alibi

217 1077 388 1144 nusquam
415 1063 605 1129 memoriae
632 1062 768 1146 prodita
802 1059 910 1128 luisse
939 1079 1129 1129 sumamus.
1173 1059 1271 1128 multi

219 1171 312 1235 enim
351 1168 608 1255 mythographi‚
651 1184 752 1255 puto,
796 1172 1084 1255 quotiescumque
1123 1168 1272 1237 fabulam

218 1276 369 1346 Aesonis
392 1278 585 1363 narrabant,
618 1279 703 1347 illud
736 1280 780 1347 de
814 1278 1005 1348 nutricibus
1028 1277 1144 1347 Liberi
1178 1279 1273 1363 apud

217 1384 431 1471 Aeschylum
469 1388 634 1457 adnotare
671 1401 840 1473 poteraut.
888 1388 982 1473 quod
1020 1401 1057 1455 ut
1089 1387 1146 1456 vel
1180 1405 1272 1455 unus

217 1495 327 1563 semel
351 1494 481 1579 iecerit,
505 1496 706 1582 complures
740 1497 833 1564 idem
857 1511 1017 1582 repetere
1041 1516 1110 1565 non
1140 1494 1274 1564 dubita·

217 1604 294 1671 rint.
338 1617 410 1672 turn
441 1623 528 1673 vero
562 1623 665 1690 quarn
688 1609 838 1675 maxime
860 1605 1062 1674 addubitare
1096 1623 1152 1673 me
1181 1607 1273 1689 cogit

219 1711 349 1796 Hygini
372 1713 483 1797 locus,
501 1717 604 1782 cuius
628 1717 659 1782 si
683 1713 857 1783 Robertus
880 1733 1016 1783 memor
1038 1713 1171 1797 fuisset,
1201 1711 1273 1780 lor-

217 1822 304 1889 sitan
326 1826 523 1907 speciosam
540 1841 637 1891 suam
654 1823 909 1892 adnotationem
931 1824 975 1892 de
999 1824 1077 1891 loco
1094 1820 1273 1891 Ovidiano

218 1931 322 2014 paulo
345 1932 443 2001 aliter
469 1936 679 2019 scripsisset.
723 1934 816 2018 apud
840 1932 1019 2018 Hyginum
1044 1930 1146 2016 (190)
1173 1932 1274 2000 vide·

216 2038 296 2106 licet
330 2039 404 2107 aliis
438 2041 585 2109 aliorum
609 2041 832 2126 opinionibus
861 2042 904 2109 de
928 2039 1056 2109 Bacchi
1080 2039 1272 2108 nutricibus

218 2146 326 2214 allatis
349 2163 543 2234 sequuntur
564 2150 665 2218 haec:
741 2217 743 2221 ,

253 2332 307 2384 hae
332 2329 515 2397 (acomoni
536 2330 631 2400 filiae)
659 2334 686 2387 in
712 2342 810 2387 monte
833 2333 912 2401 Nysa
938 2347 1059 2388 munere
1083 2334 1191 2415 alumni
1218 2330 1273 2399 (ac.

218 2421 344 2491 Bacchi)
357 2423 463 2492 potitae
475 2432 552 2492 sunt,
564 2425 613 2494 qui
624 2424 757 2480 Medeam
771 2433 927 2493 rogaverat,
940 2433 968 2479 et
980 2425 1110 2494 deposita
1122 2430 1274 2479 senectute

219 2517 248 2570 in
266 2517 388 2570 iuvenes
406 2524 532 2571 mutatae
549 2526 626 2572 sunt.

262 2739 305 2813 ex
329 2716 462 2787 Ovidio
486 2720 571 2789 haec
593 2720 661 2788 huc
684 2723 871 2805 irrepsisse
901 2739 1029 2788 numne
1053 2723 1175 2788 tacitus
1194 2722 1274 2806 opi·

220 2841 319 2895 natus
353 2842 405 2895 est
438 2828 639 2896 Robertus?
683 2832 739 2897 cui
771 2831 963 2914 suspicioni
998 2831 1139 2897 omniuo
1172 2829 1273 2896 locus

220 2955 290 3004 non
313 2950 376 3019 est,
399 2956 477 3004 cum
500 2938 597 3006 solus
621 2936 783 3022 Hyginus
807 2939 934 3006 indicet
967 2941 1001 3005 in
1035 2952 1152 3007 monte
1175 2936 1281 3022 Nysa'

220 3045 349 3114 Bacchi
372 3049 524 3115 nutrices
548 3050 760 3115 iuventutem
784 3066 881 3115 suam
905 3064 1145 3132 recuperasse.

261 3189 323 3257 age
347 3173 544 3257 diligentius
578 3172 799 3242 conleramus
824 3171 1002 3258 Hyginum
1026 3192 1104 3241 cum
1129 3169 1272 3240 Ovidio.

220 3281 317 3350 solus
351 3282 432 3350 dicit
455 3280 607 3350 Ovidius
630 3282 794 3351 Liberum
829 3300 873 3349 ex
906 3283 973 3351 alto
996 3296 1085 3351 tanta
1109 3280 1273 3350 miracula

219 3389 361 3458 vidisse.
406 3391 562 3459 concedo
592 3390 659 3458 hoc
692 3402 811 3474 utpote
845 3393 959 3460 miuus
992 3409 1096 3476 grave
1118 3391 1160 3458 ab
1194 3393 1273 3475 ipso

221 3501 400 3566 inventum
423 3517 503 3566 esse
524 3499 648 3566 videri.
691 3499 756 3567 sed
771 3513 918 3585 uterque
941 3515 1109 3569 narrat-
1126 3500 1161 3567 id
1177 3500 1273 3584 quod

220 3609 264 3673 in>
289 3605 475 3690 hypothesi
510 3627 579 3676 non
614 3609 743 3677 diserte
777 3609 966 3677 dicitur-
993 3608 1120 3678 Libero
1153 3607 1220 3675 hoc
1253 3628 1273 3675 a
1354 3628 1360 3635 ·

253 3907 330 3974 (rao)
350 3907 406 3961 ran.
428 3909 486 3962 182.
