2978 4546
608 363 727 471 (29)

157 536 250 604 bello
266 535 417 603 Troiano
442 555 553 618 usque
577 535 618 602 ad
641 535 787 603 alterum
808 535 937 603 bellum
953 535 1210 604 Messeniacum

158 647 342 729 regnarint.
386 644 474 711 hanc
508 646 622 726 quivis
646 646 796 711 recentis
830 647 947 712 aetatis
972 664 1050 712 esse
1075 645 1211 712 HiIlero

159 754 344 837 concedet3
368 752 459 819 iilam
483 772 624 837 quoque
648 773 667 820 e
690 752 824 820 Rhiano
848 756 881 820 in
906 753 1110 821 Pausaniam
1134 772 1212 838 per·

159 865 302 931 venIsse
336 863 429 929 idem
463 864 578 929 minus
612 876 707 929 recte
730 864 925 930 coniecisse
959 863 1042 929 mihi
1064 863 1211 931 videtur.

157 991 261 1056 quam
300 990 338 1038 re
371 989 455 1038 vera
489 989 559 1036 non
583 972 814 1037 recentiorem
849 989 929 1038 esse
952 985 1048 1054 parte
1071 987 1213 1054 geogra-

159 1081 259 1166 phica
294 1082 429 1146 iamiam
454 1077 713 1146 confirmabitur
746 1078 847 1145 nobis
882 1082 915 1145 in
945 1079 1048 1146 hqus
1071 1097 1212 1163 quoque

158 1192 263 1275 partis
286 1202 431 1256 aetatem
455 1187 719 1273 inquirentibus.

201 1300 294 1383 apud
309 1297 514 1364 Pausaniam
538 1294 616 1380 (56)
641 1311 869 1364 recensentur
889 1297 1017 1381 oppida
1044 1296 1212 1364 Arcadica

158 1426 176 1473 a
200 1405 278 1497 filiis
302 1404 474 1489 Lycaonis
498 1405 634 1472 condita
662 1423 809 1472 numero
832 1403 954 1471 XXVII
977 1424 1127 1489 quorum
1151 1424 1213 1473 no·

159 1518 249 1582 mina
272 1514 358 1583 haec
381 1529 475 1581 sunt:

199 1621 227 1705 Ἰ
239 1620 449 1688 Παλλάντιον
467 1621 495 1705 Ἰ·
506 1620 727 1709 Ὀρεσθάσιον
743 1622 885 1703 Φιγαλία
899 1620 927 1704 Ἰ
940 1629 1071 1689 Θωκνία
1088 1621 1213 1705 ἸἌκα-

159 1732 268 1816 κὴσιον
298 1730 326 1814 Ἰ
350 1729 506 1796 Ἑλισσών
537 1729 565 1813 Ἰ
593 1737 750 1818 Μακαρία
781 1729 809 1813 Ἰ
834 1735 947 1796 Δασέα
978 1728 1006 1812 Ἰ·
1034 1730 1214 1817 Τραπεζοῦς

158 1841 186 1925 Ἰ
221 1839 415 1927 Μεθύδριον
450 1838 646 1926 Ὀρχομενός
683 1840 865 1905 Μελαινεαί
901 1836 1032 1930 Ὑψοῦς
1071 1844 1214 1925 Θορατον

161 1951 320 2034 Αἱμονιαί
347 1948 525 2015 Μαίναλον
552 1951 652 2028 Τεγέα
679 1952 865 2014 Μαντίνεια
891 1945 918 2029 Ἰ·
940 1950 1070 2034 Κρῶμοι
1095 1945 1123 2029 Ἰ·
1145 1955 1212 2012 Χα-

160 2066 247 2146 ρισία
268 2057 296 2141 Ἰ·
313 2055 509 2146 Τρικόλωνοι
529 2055 557 2139 Ἰ
577 2061 753 2143 Περαιθεῖς
773 2054 801 2138 Ἰ
819 2054 928 2123 Ἀσέα
943 2055 1022 2140 (57)
1045 2055 1073 2139 Ἰ·
1096 2053 1214 2122 Λυκόα

61 2252 63 2256 ³
161 2166 189 2250 Ἰ·
210 2174 378 2250 Σουματία
403 2164 619 2254 Ἰ·’Λλίφηρα
643 2163 811 2252 ἸἩραία.

206 2313 249 2361 ex
272 2293 326 2360 his
349 2291 471 2359 XXVII
495 2292 635 2377 oppidis
658 2290 749 2358 XVII
775 2311 863 2376 quae
897 2295 1064 2360 asterisco
1088 2293 1213 2372 notavi,

164 2402 287 2470 incoIIs
324 2401 559 2486 Megalopolin
598 2403 641 2468 ad
679 2420 804 2468 novam
839 2401 960 2469 urbem
995 2400 1213 2467 condendam

162 2509 339 2595 proiectis,
367 2513 534 2578 manrem
558 2524 690 2594 partem
715 2511 851 2578 deserta
874 2512 1048 2578 interiisse
1072 2521 1215 2576 testatur

160 2620 349 2688 Pausanias
373 2618 463 2703 (58).

203 2729 410 2796 bihiiotheca
444 2729 652 2812 Apollodori
685 2741 814 2810 autem,
848 2746 936 2810 quae
970 2728 1214 2810 quinquaginta

161 2837 251 2905 filios
267 2837 439 2921 Lycaonis
462 2839 558 2903 novit
581 2834 671 2918 (59),
694 2838 783 2902 inter
802 2835 1002 2902 conditores
1018 2852 1215 2918 eponymos

162 2948 321 3015 Iocorum
356 2945 523 3012 Arcadiae
556 2943 588 3011 V
615 2957 744 3010 tantum
768 2957 937 3026 recenset,
971 2961 1120 3026 quorum
1154 2961 1216 3008 no-

162 3059 252 3123 mina
274 3054 306 3122 V
330 3055 469 3139 oppidis
493 3073 537 3120 ex
559 3052 613 3119 his
636 3050 727 3118 XVII
751 3052 979 3135 respondent:

198 3164 309 3231 Ἕλικα
333 3162 410 3249 (60)
448 3166 607 3249 Μακαρέα
639 3160 821 3227 Πάλλαντα
852 3157 979 3226 Λύκιον
1002 3159 1080 3242 (61)
1111 3158 1212 3226 Ἀλί-

161 3297 271 3362 φίλον·

195 3508 253 3576 (so)
272 3506 343 3560 vm.
361 3509 386 3560 a.

195 3591 252 3658 (57)
270 3591 404 3646 traditum
424 3599 469 3644 est
482 3588 565 3643 Ἀλέα.
593 3605 663 3644 corr.
683 3591 815 3645 Bursian.

196 3675 400 3743 (sa)v111.27.

117 3782 120 3789 ·
196 3759 253 3824 (59)
272 3760 313 3813 III.
330 3759 423 3827 96sq.
454 3773 543 3812 unum
563 3774 671 3813 nomen
689 3761 801 3813 excidit.

197 3842 254 3908 (60)
274 3843 357 3897 Faus
372 3840 529 3896 Ἑλισσόντα.

199 3923 255 3990 (61)
274 3927 349 3992 apud
367 3926 448 3982 Paus.
466 3929 572 3981 excidit
594 3942 701 3981 nomen
720 3927 876 3981 conditoris
896 3926 1016 3993 Lyeoae.
