2978 4546
679 337 800 447 (lt)

216 515 346 599 pariter
379 512 583 597 expilarunt.
637 513 732 596 quod
765 525 801 579 ut
834 523 927 578 recte
961 522 994 576 et
1028 528 1105 576 cum
1131 509 1272 576 iudicio

216 622 330 690 lacere
354 623 542 706 possimus,
575 621 816 704 perlustranda
850 617 950 687 nobis
984 631 1085 686 erunt
1110 631 1272 686 veterum

216 732 260 799 de
283 730 444 815 Europae
471 743 570 815 raptu
594 727 791 814 Cadmique
825 729 1102 812 peregrinatione
1123 725 1274 805 Thebis-

217 858 284 924 que
308 840 457 906 conditis
481 841 675 906 testimonia
700 835 814 920 (153).

256 964 459 1049 Theogonia
497 964 645 1032 Hesiodi
677 962 780 1048 (154)
819 966 914 1030 novit
947 961 1073 1031 Cadmi
1111 976 1143 1030 et
1180 963 1274 1030 Har-

217 1076 353 1142 moniae
376 1072 525 1142 Veneris
548 1073 636 1141 filiae
660 1076 795 1158 nuptias
820 1091 1012 1158 eorumque
1034 1071 1164 1140 llberos
1179 1070 1274 1139 The·

216 1183 269 1250 bis
293 1196 401 1251 natos.
451 1182 582 1250 scholia
604 1181 723 1249 ABD
757 1182 799 1248 ad
833 1180 972 1249 Iliadem
997 1179 1100 1264 (155)
1135 1194 1272 1265 raptum

216 1291 376 1376 Europae
400 1292 560 1359 Hesiodo
584 1294 765 1375 assignant.
803 1310 880 1357 cum
903 1309 989 1358 vero
1012 1288 1173 1358 versibus
1196 1292 1274 1374 qui·

217 1401 281 1468 bus
305 1401 390 1468 haec
413 1399 544 1468 scholia
578 1403 712 1483 appicta
735 1414 815 1466 sunt
848 1412 975 1466 tantum
1000 1399 1044 1466 de
1067 1395 1272 1482 Sarpedone

216 1524 344 1595 agatur,
366 1512 441 1576 veri
465 1508 577 1576 simile
600 1521 653 1575 est
675 1507 966 1592 subscriptionem
983 1505 1127 1574 fluxisse
1151 1526 1170 1574 e
1193 1506 1273 1575 bre·

216 1622 316 1686 viore
361 1618 496 1686 scholio
539 1617 639 1702 quale
677 1616 817 1684 exhibet
858 1617 971 1684 codex
1007 1615 1271 1683 Townleianus:

211 1725 356 1805 Ἡσίοδος
391 1729 427 1792 δὲ
463 1720 623 1812 Εὐρώπης
662 1729 715 1791 καὶ
754 1723 836 1803 Διός
876 1723 980 1792 αὐτόν
1020 1742 1118 1813 φησιν
1156 1722 1272 1807 (156).

217 1836 367 1904 Thebais
402 1837 530 1920 cyclica
562 1834 664 1919 (157)
700 1832 874 1903 Cadmum
908 1834 1065 1901 laudabat
1097 1846 1271 1918 tamquam

217 1959 372 2014 veterem
387 1944 585 2013 Thebarum
610 1961 738 2028 regem.
768 1946 801 2010 in
819 1941 983 2026 Odyssea
1001 1940 1103 2026 (158)
1120 1944 1272 2010 occurrit

218 2053 278 2121 Ino
312 2052 509 2123 Leucothea
544 2051 669 2122 Cadmi
704 2051 770 2120 lilia
805 2072 825 2120 e
859 2051 1004 2120 muliere
1038 2051 1171 2119 mortali
1205 2052 1271 2119 dea

218 2166 349 2231 marina
382 2161 478 2230 lacta.
531 2161 688 2229 Alcmani
717 2161 819 2246 (159)
854 2180 994 2247 quoque
1027 2161 1108 2229 Inus
1141 2179 1270 2228 numen

220 2286 340 2339 notum
374 2286 455 2341 erat.
508 2272 592 2339 haec
625 2285 739 2339 autem
777 2275 891 2339 omnia
929 2290 998 2339 non
1033 2273 1272 2340 demonstrant

251 2601 325 2667 (153)
344 2601 380 2654 de
403 2600 505 2655 Cadmi
534 2600 630 2655 fabula
658 2602 682 2654 si
711 2601 794 2655 etiam
822 2608 888 2667 post
907 2598 1044 2653 Crusium
1072 2600 1125 2652 11.
1149 2599 1271 2664 dissero,

217 2685 300 2738 valde
318 2685 406 2738 timeo
432 2699 469 2738 ne
493 2699 578 2752 aegre
601 2686 798 2752 suspicionem
817 2700 833 2738 a
851 2699 899 2738 me
925 2684 1106 2751 propulsem‚
1133 2682 1214 2750 quasi
1241 2683 1270 2735 in

217 2769 340 2822 alienam
360 2783 488 2823 messem
509 2767 613 2823 falcem
633 2771 787 2823 intulerim.
817 2782 991 2836 quamquam
1013 2781 1071 2821 non
1090 2768 1174 2834 plane
1192 2766 1268 2819 idem

217 2853 331 2920 utrique
358 2862 488 2906 nostrum
517 2860 562 2908 est
587 2855 776 2921 propositum.
817 2853 924 2907 Crusio
952 2853 1029 2906 enim
1058 2853 1161 2920 ingens
1187 2851 1270 2917 copia

216 2938 447 2991 testimoniorum
478 2938 693 3005 quodammodo
723 2938 879 3006 digerenda
908 2946 983 3004 erat,
1014 2935 1092 3005 quod
1121 2935 1267 3003 proprium

218 3022 410 3090 lexicographi
423 3038 531 3078 munus
544 3032 597 3090 cst,
610 3024 679 3076 mihi
693 3037 762 3076 vero
774 3023 810 3075 de
822 3021 875 3075 hac
888 3021 986 3075 fabula
998 3035 1084 3090 quam
1097 3019 1269 3073 brevissime

217 3114 316 3172 potero
335 3108 431 3160 critica
449 3107 603 3176 disputatio
622 3107 797 3161 instituenda
816 3114 861 3160 est
879 3120 913 3160 eo
930 3105 1053 3160 consilio
1072 3112 1102 3158 ut
1119 3102 1269 3157 deliniatur

217 3203 290 3257 qnae
309 3188 394 3245 Ovidi
417 3200 563 3246 auctorem
587 3192 661 3245 inter
682 3190 838 3259 fontesque
858 3188 972 3244 fabulae
991 3187 1093 3244 Cadmi
1111 3186 1269 3239 intercedat

217 3274 296 3328 ratio.

251 3366 326 3432 (154)
344 3365 399 3419 937
412 3381 475 3435 sqq.
493 3366 547 3420 975
560 3381 622 3435 sqq.

252 3456 328 3525 (155)
346 3457 376 3509 Μ
392 3458 455 3511 292.

250 3548 327 3615 (156)
346 3546 384 3603 cf.
397 3549 487 3603 schol.
501 3548 587 3603 Rhes.
599 3550 647 3604 29:
666 3547 681 3602 ὃ
699 3550 730 3604 δὲ
742 3547 861 3611 Ἡσίοδος
875 3548 1008 3622 Εὐρώπης
1018 3551 1071 3622 μέν
1080 3561 1162 3621 φησιν
1179 3545 1269 3602 αὐτόν.

217 3648 242 3686 ν.
261 3630 413 3701 Schwartz,
432 3632 551 3700 Quaest.
570 3633 677 3690 Herod.
695 3650 721 3702 p.
737 3635 778 3688 14.

251 3722 328 3792 (157)
347 3722 450 3780 Athen.
468 3724 511 3780 xl.
530 3741 555 3793 p.
578 3727 666 3781 lose.

251 3816 327 3885 (158)
344 3836 357 3872 a
374 3819 429 3874 353
442 3833 504 3888 sqq.

250 3910 330 3978 (158)
352 3911 404 3980 qu.
421 3914 466 3966 83.
