2962 4538
674 329 794 435 (20(

211 519 325 584 neque
360 499 452 582 apud
486 499 592 566 ullum
628 501 919 585 mythographum
954 505 1148 586 reperiatur
1187 517 1221 570 et
1255 523 1273 571 a

212 607 345 676 fabulae
379 608 495 676 indole
530 608 722 678 abhorreat.
767 630 833 695 qua
857 612 900 679 de
925 630 1027 678 causa
1049 625 1166 680 autern
1204 613 1273 681 tale

213 719 295 800 quid
329 719 372 785 de
407 735 470 783 suo
505 720 701 801 inseruerit,
735 721 901 803 quaeris?
946 720 1051 787 credo
1081 734 1117 787 ut
1138 739 1272 788 versus

213 827 256 893 ad
293 826 498 910 Augustum,
536 828 579 894 de
617 828 742 910 quibus
780 846 885 912 supra
924 832 1069 912 egimus,
1106 831 1270 898 inserere

213 950 341 1018 posset.

255 1058 327 1113 tum
351 1049 379 1112 si
404 1059 604 1129 reputamus
628 1049 857 1130 epitomarum
891 1065 995 1114 omne
1023 1064 1132 1131 genus
1156 1049 1271 1133 scrip·

214 1168 327 1220 torum
362 1155 571 1237 socordiam,
608 1174 664 1222 res
698 1158 880 1240 perexigui
912 1174 955 1223 ne
990 1156 1100 1223 dicam
1137 1155 1271 1224 nullius

215 1266 379 1332 momenti
413 1262 570 1330 habenda
604 1277 666 1346 est,
705 1277 818 1330 utrum
856 1264 948 1348 apud
990 1263 1270 1348 mythographos

214 1387 310 1457 pater
325 1372 465 1457 Lycaon
489 1392 531 1439 an
548 1371 719 1455 Lycaonis
736 1371 795 1438 lilii
812 1372 955 1440 sceleris
972 1387 1133 1440 auctores
1157 1370 1270 1442 luisse

214 1481 376 1549 ferantur.
420 1500 534 1566 neque
556 1481 661 1548 video
685 1501 747 1548 cur
762 1481 914 1550 Maassio
933 1480 1011 1565 (29)
1035 1484 1272 1552 assentiamur

214 1590 343 1675 Hygini
379 1589 527 1656 fabulam
563 1609 601 1669 ,e
636 1589 769 1657 duabus
805 1589 985 1657 conflatam
1020 1609 1099 1658 esse
1133 1591 1271 1661 discre-

213 1703 369 1785 pantiis“,
392 1700 675 1785 quandoquidem
692 1701 784 1784 apud
801 1700 980 1785 Hyginum
1004 1699 1069 1766 soli
1093 1699 1269 1782 Lycaonis

212 1807 270 1875 lilii
304 1809 421 1877 lovem
446 1823 622 1894 temptent,
645 1808 817 1893 supplicio
842 1812 943 1877 etiam
966 1824 1064 1892 pater
1089 1807 1268 1877 alliciatur.

213 1918 322 2000 quid?
368 1921 400 1984 in
429 1917 636 1986 bibliotheca
671 1937 786 1985 nonne
820 1933 917 2002 pater
939 1920 1071 1999 insons,
1105 1931 1141 1984 ut
1169 1918 1268 1986 vide·

213 2039 281 2108 tur,
327 2045 393 2092 una
431 2045 509 2093 cum
547 2026 665 2095 liberis
703 2029 818 2111 impiis
856 2026 1047 2111 plectitur?
1102 2027 1262 2110 equidem

214 2137 329 2218 potius
346 2134 554 2202 crediderim
571 2138 775 2219 posterioris
799 2138 874 2202 aevi
898 2134 1171 2218 mythographos
1194 2132 1262 2202 cul·

215 2242 348 2326 pandos
383 2262 461 2310 esse
495 2245 553 2327 qui
588 2241 736 2310 fabulam
771 2245 872 2310 nimis
897 2245 1131 2311 contraxerint
1164 2257 1266 2328 atque

215 2352 458 2419 detruncarint.
503 2354 556 2419 vis
591 2352 790 2435 exemplum
822 2352 1029 2420 consimile?
1065 2354 1267 2436 proximum

215 2460 332 2528 habes.

256 2569 492 2637 Eratosthenis
516 2572 740 2638 catasterismi
764 2569 935 2652 Lycaonis
959 2573 993 2635 in
1017 2570 1136 2654 lupum
1161 2582 1268 2637 meta·

216 2677 419 2762 morphosin
444 2681 616 2745 omittunt:

256 2785 330 2853 VIII
348 2784 577 2875 Ἀρκτοφύλαξ.
607 2792 679 2874 περὶ
703 2786 818 2853 τούτου
840 2787 964 2868 λέγεται
980 2785 1031 2851 ὅτι
1048 2783 1157 2870 Ἀρκάς
1178 2788 1268 2852 ἐστιν

214 2896 248 2960 ἐκ
270 2894 465 2974 Καλλιστοῦς
486 2900 539 2962 καὶ
562 2895 646 2974 Διὸς
667 2893 817 2978 γεγονώς,
842 2896 891 2961 ·ὁ’ν
911 2892 1104 2984 κατακόψας
1124 2893 1266 2960 Λυκάων

214 3005 334 3083 ἐξένισε
355 3003 416 3072 τόν
436 3013 503 3072 Δία
531 3008 696 3094 παραθεὶς
727 3007 782 3070 ἐπὶ
815 3001 988 3090 τράπεζαν·
1025 3000 1111 3068 ὅθεν
1143 3005 1265 3090 ἐκείνην

214 3116 274 3195 μὲν
296 3110 482 3201 ἀνατρέπει,
503 3113 561 3197 τὴν
576 3116 612 3180 δὲ
627 3118 733 3179 αἰκίαν
748 3110 848 3179 αὐτοῦ
863 3124 1012 3195 κεραυνοῖ
1024 3109 1079 3196 τῆς
1099 3109 1266 3199 ὠμότητος

216 3217 319 3288 αὐτόν
339 3227 528 3305 μυσαχθείς.

257 3331 341 3414 quid
363 3348 449 3397 vero
465 3334 592 3415 scripta
616 3330 896 3415 mythographica
920 3349 1008 3413 quae
1024 3328 1196 3398 Robertus
1220 3347 1264 3394 ex

216 3438 341 3505 eodem
365 3437 458 3506 fonte
481 3457 638 3508 manasse
655 3440 797 3507 docuit?
824 3438 955 3507 scholia
971 3438 1094 3507 Aratea
1118 3433 1262 3504 fabulam

217 3549 385 3613 omittunt.
440 3548 569 3614 scholia
594 3545 796 3616 Germanici
819 3547 883 3614 BP
907 3546 984 3632 (30)
1013 3545 1139 3615 habent
1160 3555 1264 3608 meta·

251 3812 307 3877 (29(
326 3813 383 3864 ind.
403 3814 465 3866 lect.
483 3813 645 3881 Gryphisw.
671 3814 740 3868 1894
765 3831 790 3882 p.
808 3813 876 3868 xvl.

251 3894 307 3961 (30)
327 3909 352 3962 p.
370 3896 415 3952 64.
436 3900 476 3950 15.
