2978 4546
677 379 795 490 (9¹)

259 576 377 630 contra
412 563 503 646 apud
527 560 666 629 Latinos
700 576 820 646 poetas
855 561 947 630 idem
980 564 1101 630 vitium
1125 567 1264 649 conspi-

215 673 319 738 citur:

214 856 296 923 Prop.
316 855 347 910 V.
365 856 421 910 439

314 964 382 1032 quid
401 965 506 1019 mirum
525 966 554 1019 in
571 967 679 1034 patrios
696 964 821 1034 Scyllam
839 967 971 1022 saevisse
988 968 1108 1035 capillos

315 1047 448 1103 candida
465 1063 522 1117 que
540 1050 569 1103 in
587 1064 691 1104 saevos
709 1047 840 1118 inquiren
857 1065 941 1104 versa
959 1065 1055 1106 canes.

216 1181 300 1251 νοις.
320 1183 376 1237 scr.
395 1181 440 1236 vr.
457 1183 494 1236 74

317 1291 386 1359 quid
404 1292 505 1360 loquar
522 1301 570 1347 aut
587 1291 711 1360 Scyllam
731 1292 803 1361 Nisi,
821 1308 906 1361 quam
927 1294 1004 1348 lama
1021 1302 1120 1348 secuta
1140 1304 1184 1349 cst

316 1373 450 1430 candida
466 1377 642 1430 succinctam
661 1377 828 1431 latrantibus
846 1374 978 1445 inguina
995 1380 1133 1433 monstris

317 1459 466 1514 Dulichias
484 1474 607 1515 vexasse
624 1468 700 1515 rates
722 1469 749 1515 et
766 1462 878 1529 gurgite
895 1462 924 1516 in
943 1463 999 1516 alto

316 1560 333 1599 a
350 1544 467 1599 timidos
485 1552 586 1599 nautas
605 1545 724 1599 canibus
742 1545 887 1600 lacerasse
906 1548 1032 1600 marinis.

260 1749 376 1831 possis
400 1748 540 1831 quidem
575 1750 737 1815 conicere
759 1746 950 1831 Vergilium
975 1745 1106 1815 Ovidio
1140 1752 1269 1833 pariter

219 1875 258 1924 ac
273 1854 458 1940 Propertio
482 1857 613 1923 enoris
636 1868 813 1923 auctorem
837 1855 957 1924 luisse.
987 1859 1052 1923 iarn
1076 1876 1162 1926 vero
1186 1877 1269 1926 con·

220 1964 309 2033 ieras
333 1961 429 2033 Ciris
452 1963 567 2032 locum
591 1967 709 2048 utique
732 1979 848 2032 notatu
871 1965 1028 2049 dignum:

218 2184 254 2236 54
322 2183 487 2251 complures
506 2182 583 2236 illam
603 2189 631 2235 et
649 2183 753 2252 magni,
771 2184 918 2248 Messalla,
935 2194 1038 2252 poetae

320 2267 397 2334 (nam
416 2281 517 2321 verum
537 2266 688 2335 fateamur,
705 2276 782 2321 amat
800 2267 988 2336 Polyhymnia
1005 2269 1118 2336 verum)

320 2352 405 2420 longe
423 2351 477 2406 alia
494 2352 646 2420 perhibent
664 2362 803 2406 mutatam
823 2354 953 2407 membra
971 2353 1059 2421 ligura

319 2435 484 2503 Scyllaeum
504 2443 634 2490 monstro
653 2450 754 2491 saxum
773 2435 932 2490 inlestasse
949 2439 1059 2504 voraci3

319 2520 397 2573 illam
417 2534 485 2573 esse
502 2520 650 2573 aerumnis
668 2533 754 2587 quam
774 2534 862 2588 saepe
880 2521 1012 2587 legamus
1030 2519 1104 2573 Ulixi

320 2602 441 2658 candida
459 2603 634 2656 succinctam
655 2602 823 2657 latrantibus
842 2603 959 2670 inguina
977 2605 1116 2657 monstris

321 2685 469 2740 Dulichias
488 2699 611 2739 vexasse
629 2693 706 2741 rates
725 2697 753 2741 et
770 2688 881 2754 gurgite
900 2688 928 2740 in
947 2686 1003 2740 alto

320 2771 481 2838 deprensos
500 2776 601 2824 nautas
619 2770 739 2825 canibus
757 2771 901 2825 lacerasse
920 2771 1048 2825 marinis.

320 2856 373 2909 sed
392 2869 487 2923 neque
505 2853 656 2908 Maeoniae
673 2856 819 2922 patiuntur
837 2854 955 2909 credere
973 2856 1088 2909 chartae

320 2954 375 2992 nec
393 2939 489 2993 malus
508 2938 628 2992 istorum
648 2938 743 2992 dubiis
762 2940 907 2992 erroribus
926 2948 1033 2993 auctor.

261 3144 366 3210 viden
390 3155 526 3225 poetam
552 3140 713 3206 vellicare
738 3137 906 3207 Ovidium
925 3138 1026 3221 (218)
1051 3137 1270 3222 Propertium

220 3251 411 3335 Vergilium
435 3252 605 3334 inprimis,
635 3267 738 3332 quern
763 3248 903 3331 quidem
927 3247 1138 3315 adverbum
1164 3262 1272 3314 trans-

256 3542 330 3609 (218)
348 3543 373 3594 si
387 3541 464 3595 Ciris
482 3550 547 3595 ante
565 3543 691 3595 carmina
703 3540 844 3595 Ovidiana
862 3540 967 3607 scripta
985 3539 1097 3605 luisset,
1115 3539 1273 3592 verisimile

222 3636 265 3680 est
278 3624 414 3680 Ovidium
434 3639 497 3678 cam
511 3625 652 3678 lecturum
672 3622 773 3679 luisse.
800 3626 825 3677 si
839 3624 966 3691 legisset,
984 3624 1148 3677 admonitus
1163 3622 1273 3690 Scyllas

222 3725 279 3763 non
298 3708 487 3763 confudisset.
524 3706 559 3761 de
579 3714 671 3761 aetate
688 3704 765 3760 Ciris
792 3706 829 3760 ci.
849 3708 881 3760 Α.
899 3707 1045 3774 Zingerle,
1071 3706 1165 3760 lrleine
1184 3705 1274 3772 philo·

222 3795 350 3863 logisclre
369 3792 599 3858 abhandlungen
621 3789 663 3843 lll.
685 3805 712 3856 p.
729 3790 852 3856 23-31,
879 3791 926 3858 qul
950 3800 1027 3844 recte
1049 3789 1180 3843 sensisse
1203 3790 1273 3842 milri

221 3882 343 3946 videtur,
368 3879 434 3934 licet
457 3876 527 3931 nillil
549 3875 753 3930 demonstrarit
776 3889 871 3942 neque
896 3876 1050 3943 quidquam
1070 3873 1188 3926 omnino
1212 3887 1274 3941 pro·

223 3963 366 4017 nuntiarit.
