2962 4538
604 326 723 435 ((7)

185 502 276 585 apud
313 501 495 569 Nicolaum
534 501 790 568 Damascenum
835 498 947 566 fabula
984 501 1104 567 tradita
1141 514 1193 567 est

144 628 242 677 more
266 623 298 678 et
321 611 426 677 modo
444 610 632 678 Euhemeri
656 607 846 677 delormata
863 627 880 674 a
896 621 1067 677 sectatore
1090 612 1193 677 inter-

144 721 344 805 pretationis
382 720 424 786 ad
463 720 633 786 humanae
671 721 813 786 rationis
851 733 987 802 captum
1024 718 1192 786 redactae.

142 829 262 897 subest
284 849 367 898 sane
392 850 430 899 ea
454 830 560 914 figura
583 828 717 897 labulae
747 848 850 912 quam
875 829 1089 897 Hesiodeam
1113 830 1194 897 dicit

142 939 432 1022 Immerwahrius,
469 942 534 1007 nisi
572 939 666 1023 quod
704 941 805 1006 etiam
843 941 992 1005 ieiunior
1028 952 1081 1007 est
1114 958 1192 1006 cum

143 1067 256 1132 neque
280 1067 422 1116 mensae
446 1048 612 1132 oppidive
634 1047 862 1131 Trapezuntis
896 1063 1010 1131 neque
1042 1046 1192 1114 Telluris

143 1175 287 1241 precum
313 1175 427 1240 neque
451 1157 558 1223 diluvi
583 1160 795 1224 mentionem
819 1153 927 1223 iaciat.

184 1284 247 1351 sed
261 1283 462 1350 iamdudum
475 1296 714 1366 argumentum
728 1281 917 1365 flagitamus
932 1300 1001 1365 quo
1015 1282 1193 1350 Hesiodea

143 1392 246 1458 huius
270 1390 405 1460 fabulae
421 1395 518 1475 origo
536 1391 703 1460 fulciatur.
739 1405 791 1459 est
806 1392 948 1474 quidem
965 1389 1192 1474 fragmentum

144 1500 292 1568 Hesiodi
317 1501 412 1584 (27):

313 1635 391 1712 υἱεῖς
412 1633 447 1701 δ’
468 1637 649 1717 ἐξεγένοντο
672 1633 843 1711 Λυκάονος
864 1632 1024 1699 ἀντιθέοιο

314 1742 355 1810 ὅν
376 1769 458 1810 ποτε
479 1751 564 1809 τίκτε
586 1741 768 1824 Πελασγός,

143 1896 213 1962 quo
247 1897 290 1945 ne
324 1878 408 1945 illud
442 1879 583 1962 quidem
618 1878 875 1945 demonstratur
903 1876 1100 1943 Hesiodum
1135 1894 1194 1942 ex·

143 1990 306 2071 posuisse
340 1987 498 2055 fabulam.
543 2006 625 2055 ecce
659 1986 872 2054 Eustathium
906 1985 1020 2052 laudat
1052 1983 1194 2051 Immer-

142 2096 308 2164 wahrius:

183 2227 242 2313 τὴν
264 2230 300 2294 δὲ
321 2228 377 2295 τοῦ
399 2228 571 2305 Λυκάονος
592 2230 648 2295 ἐπὶ
673 2229 718 2312 τῷ
739 2232 794 2294 Διὶ
817 2233 1054 2315 παραιβασίαν,
1086 2230 1194 2291 εἰπεῖν

141 2336 214 2402 καθ’
248 2337 412 2416 Ἡσίοδον,
449 2339 480 2405 οἳ
516 2337 573 2405 τοῦ
609 2337 823 2426 Λυκόφρονος
857 2335 1009 2423 δηλοῦσιν
1044 2333 1192 2420 ὑπομνη-

141 2453 305 2529 ματιοταί.
920 2445 922 2447 ’

185 2580 328 2648 haecine
366 2583 507 2648 omnia?
545 2581 655 2665 plane.
710 2580 784 2648 lieri
818 2598 888 2647 non
922 2592 1037 2664 potest
1069 2591 1105 2643 ut
1138 2576 1193 2643 hic

144 2687 242 2754 locus
264 2690 378 2753 virum
395 2689 634 2754 doctissimum
651 2687 843 2772 deceperit:
866 2688 972 2756 verba
991 2690 1098 2753 ainata
1118 2681 1190 2749 καθ’

141 2794 294 2860 Ἡσίοδον
316 2792 521 2877 significant:
547 2808 582 2861 ut
603 2813 692 2862 voce
717 2809 791 2861 utar
814 2795 992 2863 Hesiodea
1006 2794 1096 2878 (28).
1130 2793 1192 2860 sed

142 2903 244 2970 valde
268 2902 458 2969 dolendum
482 2915 534 2969 est
549 2901 844 2969 immerwahrium
868 2906 1072 2970 sententiam
1095 2920 1192 2968 suam

144 3012 247 3080 nullis
281 3013 423 3078 omnino
447 3014 590 3079 rationis
624 3013 809 3078 momentis
838 3013 1044 3093 munivisse3
1079 3027 1192 3092 neque

143 3140 229 3189 vero
275 3139 339 3204 ego
383 3123 465 3187 novi
503 3123 671 3188 rationem
710 3119 824 3201 ullam,
869 3138 935 3202 qua
980 3121 1090 3203 possit
1125 3118 1191 3184 rite

145 3229 295 3298 delendi.

186 3341 410 3422 pervenimus
434 3338 476 3404 ad
500 3336 641 3421 figuram
666 3336 810 3420 fabulae,
833 3356 935 3421 quam
959 3337 1193 3405 hellenisticae

145 3461 177 3514 et
218 3447 393 3514 Romanae
438 3464 589 3530 poeseos
635 3465 714 3513 esse
758 3450 863 3513 sumit
905 3445 1193 3513 lmmerwahrius.

178 3721 235 3790 (27)
254 3722 344 3777 Strab.
358 3723 390 3776 V.
408 3738 435 3790 p.
447 3723 510 3776 221.
529 3722 566 3776 cl.
580 3722 676 3790 Steph.
691 3723 761 3790 Byz.
781 3719 945 3775 Παλλάντιον
963 3720 1039 3781 πόλις
1051 3719 1194 3791 Ἀρκαδίας

144 3807 197 3861 ἀπὸ
218 3804 368 3867 Πάλλαντος
386 3806 446 3866 lade
462 3807 515 3859 τῶν
532 3805 671 3866 Λοκιῐονος
687 3807 800 3871 παίδων,
819 3803 855 3865 ὡς
866 3803 993 3865 Ἡσίοδος.

177 3890 233 3956 (28)
252 3906 308 3958 qua
326 3892 436 3944 scilicet
453 3889 600 3944 Hesiodus
618 3905 690 3943 usus
710 3898 753 3943 est
770 3888 874 3956 Theog.
891 3889 954 3942 220.
