2978 4546
622 361 741 471 (lt)

153 537 315 620 pidorum
350 537 477 602 seriem
511 537 627 618 inepte
660 536 754 599 auxit
775 532 924 601 Nonnus
948 536 1092 601 eandem
1117 533 1204 603 Ovi-

153 644 248 711 dium
282 645 410 711 misere
434 644 615 711 decurtare
637 644 809 709 videmus.
853 646 908 710 cui
936 662 1014 710 cum
1048 643 1148 728 longa
1172 659 1205 711 et

153 755 295 836 copiosa
311 753 500 835 descriptio
515 754 649 819 itineris
665 752 815 818 taedium
833 767 1000 834 moveret,
1016 753 1203 819 admodum

152 863 273 929 inscite
307 879 414 928 unum
437 874 566 928 tantum
590 860 758 944 oppidum
782 861 886 944 idque
920 879 1030 944 paene
1054 864 1203 945 primum

152 973 306 1037 omnium
331 972 456 1037 ceteris
479 972 619 1036 omissis
643 971 790 1036 retinuit.

195 1077 394 1145 conferatur
415 1077 574 1144 scholion
590 1077 633 1143 ad
649 1077 874 1161 Apollonium
891 1077 1065 1145 Rhodium
1090 1078 1205 1162 (136),

153 1186 211 1253 ubi
235 1200 463 1254 recensentur
485 1189 675 1270 scriptores
699 1205 816 1254 rerum
838 1185 1082 1255 Thebanarum
1106 1187 1205 1273 Lysi-

153 1295 296 1363 machus
313 1295 416 1379 (137)
434 1295 638 1363 Hellanicus
660 1295 895 1380 Pherecydes.
926 1299 1046 1381 inquo
1070 1298 1204 1365 scholio

153 1407 253 1472 etiam
270 1405 355 1472 haec
371 1404 546 1489 leguntur:
570 1405 605 1470 ἐν
620 1404 655 1470 δὲ
669 1402 706 1496 τῇ
727 1403 759 1486 γ’
777 1413 948 1482 Μουσαῖος
963 1413 1205 1495 Τιτανογραφίᾳ

151 1515 277 1596 λέγεται
299 1511 345 1591 ὦς
366 1513 495 1598 Κάδμος
516 1515 550 1580 ἐκ
571 1513 629 1579 roh
651 1514 813 1602 Δελφικοῦ
838 1512 1008 1602 ἐπορεύετο
1034 1520 1203 1603 προκαθη-

151 1628 304 1708 γουμένης
324 1619 411 1710 αὐτῷ
433 1621 489 1706 aig
501 1621 588 1706 βοός.
619 1622 707 1690 male
724 1621 849 1690 lactum
866 1624 960 1707 quod
976 1626 1114 1707 gravior
1129 1642 1205 1690 cor-

155 1730 288 1815 ruptela
311 1734 345 1797 in
369 1731 423 1798 his
445 1731 563 1798 verbis
587 1750 656 1798 non
680 1734 760 1797 sinit
783 1733 827 1799 de
850 1745 992 1798 auctore
1015 1732 1203 1816 quidquam

154 1857 218 1922 pro
243 1851 338 1905 certo
362 1851 512 1905 statuere
530 1837 632 1921 (138)
657 1852 794 1922 praeter
817 1839 883 1905 hoc
904 1858 1026 1905 unum:
1050 1841 1205 1925 descrip-

153 1951 281 2014 tionem
317 1949 449 2014 itineris
477 1967 495 2013 a
524 1947 707 2014 scholiasta
741 1947 847 2014 nobili
875 1949 1010 2015 cuidam
1044 1952 1204 2033 scriptori

154 2075 233 2124 esse
257 2056 426 2124 tributam.

194 2275 333 2342 Metam.
357 2273 408 2341 111.
431 2279 478 2340 26
503 2272 710 2358 (Cadmus):

453 2433 534 2471 sacra
552 2417 609 2471 lovi
630 2416 759 2471 facturus
778 2427 845 2470 erat.

195 2616 354 2699 Nonnus,
387 2619 479 2701 apud
503 2636 606 2701 quem
631 2634 778 2700 prorsus
801 2617 959 2685 similiter
981 2616 1045 2684 bos
1068 2617 1126 2684 ubi
1150 2637 1206 2685 ce·

154 2724 235 2790 cidit
258 2727 421 2791 continuo
444 2743 523 2791 arae
544 2725 759 2807 admovetur,
782 2744 851 2792 non
875 2727 956 2793 dicit
979 2729 1114 2793 cuinam
1138 2727 1205 2794 deo

154 2833 285 2899 deaeve
307 2834 444 2899 victima
468 2834 634 2900 destinata
657 2848 759 2901 esset.
793 2835 855 2902 sed
880 2834 983 2918 paulo
1006 2848 1086 2918 post
1102 2834 1204 2919 (139)

153 2940 285 3025 Spartis
324 2942 468 3007 devictis
506 2939 680 3011 Cadmum
718 2941 844 3008 bovem
882 2942 1063 3009 Minervae
1102 2941 1204 3025 (140)

187 3216 260 3283 (tao)
278 3217 318 3270 111.
341 3217 410 3271 1178
423 3233 466 3285 sq.

187 3308 263 3374 (137)
281 3311 390 3363 scimus
410 3312 482 3364 haec
500 3313 598 3365 omnia
610 3310 771 3378 Lysimachi
792 3315 936 3376 Θηριακοῖς
954 3310 1114 3378 παραδόξοις
1134 3326 1207 3378 quae

154 3392 249 3445 laudat
271 3392 377 3445 debere
400 3395 583 3448 scholiasten.
610 3409 635 3446 v.
655 3394 772 3448 Radtlei
797 3395 866 3448 diss¹
886 3394 962 3448 inlra
984 3395 1126 3448 laudatam
1151 3395 1206 3448 sub

153 3477 218 3529 adn.
240 3476 300 3528 165.

187 3568 262 3633 (138)
281 3568 458 3621 tribuebatur
476 3569 596 3623 Musaeo
607 3569 830 3625 Titanomachia.
854 3586 879 3624 v.
892 3569 926 3625 0.
941 3571 1029 3637 Kern‚
1046 3571 1083 3624 de
1096 3570 1206 3624 Musaei

154 3651 341 3705 Atheniensis
361 3651 540 3718 lragmentis,
556 3654 613 3706 ind.
632 3655 695 3707 lect.
716 3655 850 3709 Rostoch.
873 3655 950 3708 1898.

188 3742 262 3807 (139)
284 3743 368 3797 ὓίοο.
386 3742 418 3796 V.
437 3744 463 3797 6.

188 3834 263 3901 (140)
283 3836 319 3889 cl.
344 3837 411 3890 bibl.
430 3835 523 3903 Apoll.
544 3837 588 3890 lll.
606 3837 655 3889 22:
685 3835 849 3909 βουλόμενος
874 3838 903 3891 δὲ·
927 3838 1036 3909 Ἀθηνᾷ
1062 3838 1207 3889 καταθῦσαι

153 3922 198 3985 τὴν
224 3921 299 3985 βοῦν.
335 3921 425 3973 schol.
445 3921 549 3974 Aesch.
571 3919 647 3987 Sept.
667 3920 738 3973 469:
768 3924 845 3974 invoa
873 3921 901 3974 δὲ
928 3921 974 3986 τὴν
999 3920 1064 3986 βοῦν
1087 3921 1205 3992 Ἀθηνᾷ.
