2978 4546
691 358 788 469 (8)

216 533 401 598 narrationi
425 549 508 602 suae
532 534 660 601 lumina
684 548 716 600 et
740 533 893 600 colorem
911 549 1064 600 sumeret
1081 535 1264 600 commode

216 643 489 723 supersedisse?
533 645 665 712 scilicet
688 658 721 711 et
744 645 911 710 montium
935 642 1103 710 Arcadiae
1127 646 1265 711 nomina

215 753 394 819 notissima
427 755 552 819 mirum
576 772 677 837 quam
701 767 926 836 praepostere
950 753 1121 835 disposuit
1145 750 1198 835 (3)
1234 767 1266 820 et

216 857 387 942 Lycaonis
420 865 474 929 avi
498 862 643 930 Arcadis
677 865 852 929 interitum
887 875 1086 929 narraturus
1120 862 1265 928 Arcadis

215 968 319 1035 sedes
354 969 439 1036 dixit
475 989 539 1054 pro
574 971 721 1039 Arcadia
745 970 810 1055 (4).
869 990 957 1055 quae
991 990 1069 1038 cum
1107 974 1150 1037 ita
1187 973 1265 1051 sint,

216 1074 385 1144 Ovidium
419 1083 648 1147 asseverarim
673 1083 800 1147 -nisi
835 1079 923 1149 forte
957 1081 1041 1148 solis
1075 1081 1265 1147 memoriae

216 1185 341 1269 opibus
379 1201 561 1255 contentus
598 1188 660 1255 fuit
694 1225 732 1232 -
766 1193 799 1255 in
837 1189 950 1257 fabula
987 1189 1158 1272 Lycaonis
1195 1207 1265 1254 non

218 1309 355 1378 poetam
379 1296 443 1364 sed
468 1295 758 1381 mythographum
781 1313 939 1364 secutum
963 1317 1052 1364 esse.

258 1423 349 1471 nunc
382 1423 468 1472 vero
503 1405 585 1471 mihi
620 1425 698 1472 cum
732 1405 884 1473 Maassio
920 1425 979 1473 res
1021 1409 1094 1487 erit,
1131 1408 1189 1489 qui
1223 1406 1266 1473 de

216 1511 320 1594 fonte,
354 1532 423 1597 quo
448 1510 600 1580 Ovidius
624 1517 658 1580 in
682 1514 794 1582 fabula
818 1513 984 1583 Callistus
1007 1534 1092 1580 usus
1116 1517 1169 1596 sit,
1200 1517 1267 1598 egit

216 1624 250 1689 in
274 1625 564 1690 commentatione
592 1623 875 1707 mythographica
898 1625 1003 1692 altera
1027 1622 1092 1706 (5).
1136 1624 1267 1691 scilicet

216 1733 321 1814 ignoti
359 1746 481 1815 poetae
518 1732 714 1800 versiculos
752 1748 911 1817 quattuor
948 1735 1099 1800 continet
1137 1734 1265 1817 Hygini

217 1838 329 1907 fabula
358 1844 421 1907 177
459 1841 517 1908 ubi
541 1844 698 1927 legimus:

258 1946 424 2027 „Callisto
447 1949 619 2034 Lycaonis
653 1951 719 2019 filia
753 1972 833 2019 ursa
864 1953 988 2020 dicitur
1011 1952 1095 2019 iacta
1120 1970 1198 2018 esse
1221 1951 1265 2016 ob

215 2061 300 2124 iram
337 2057 493 2140 lunonis,
529 2060 624 2143 quod
661 2079 739 2127 cum
776 2060 858 2126 love
896 2059 1091 2127 concubuit.
1146 2072 1266 2141 postea

215 2165 306 2233 Iovis
330 2170 364 2232 in
387 2166 564 2235 stellarum
588 2187 772 2235 numerum
795 2168 937 2250 rettulir3
964 2186 1051 2251 quae
1075 2168 1265 2250 septentrio

215 2275 417 2359 appellatur,
452 2277 545 2360 quod
579 2280 715 2360 signum
742 2278 821 2344 loco
855 2296 924 2342 non
960 2290 1120 2343 movetur
1152 2294 1265 2359 neque

215 2385 350 2452 occidit.
394 2383 525 2468 Tethys
560 2388 652 2452 enim
683 2383 818 2453 Oceani
853 2404 943 2451 uxor
976 2387 1091 2451 nutrix
1125 2383 1265 2451 lunonis

215 2493 376 2578 prohibet
398 2514 473 2563 eam
497 2497 530 2562 in
555 2492 737 2562 Oceanum
761 2496 933 2562 occidere.
967 2494 1052 2562 haec
1075 2512 1158 2578 ergo
1181 2492 1267 2578 Sep·

216 2606 340 2671 tentrio
365 2605 483 2670 maior.
528 2604 572 2671 de
595 2622 661 2687 qua
685 2607 718 2670 in
744 2602 1094 2678 Creticisfversibus:

298 2794 387 2853 tuque
406 2787 565 2853 Lycaoniae
584 2796 692 2842 mutate
711 2802 727 2841 e
746 2789 859 2841 semine
878 2786 917 2855 (6)
936 2789 1089 2854 nymphae,

299 2884 384 2936 quam
403 2870 497 2938 gelido
515 2880 624 2939 raptam
643 2872 679 2925 de
697 2872 803 2925 vertice
823 2871 988 2925 Nonacrina

299 2953 417 3008 Oceano
435 2957 568 3023 prohibet
586 2971 704 3023 semper
721 2971 754 3009 se
773 2957 904 3023 tinguere
921 2955 1039 3021 Tethys,

299 3054 368 3092 ausa
386 3054 454 3093 suae
472 3041 539 3107 quia
556 3041 593 3093 sit
612 3040 757 3107 quondam
776 3040 966 3093 succumbere
986 3041 1119 3093 alumnae
1138 3039 1183 3104 (7).

249 3253 288 3319 (3)
307 3254 325 3306 l.
343 3255 398 3308 216
416 3254 547 3309 Maenala
565 3255 735 3309 transieram
755 3256 871 3310 latebris
889 3257 1032 3310 horrenda
1052 3256 1176 3310 ferarum

415 3347 443 3391 et
462 3352 528 3392 cum
548 3337 671 3405 Cyllene
689 3339 775 3406 gelidi
794 3340 890 3406 pineta
907 3341 1016 3407 Lycaei.

249 3420 286 3488 (4)
303 3421 324 3474 1.
340 3423 403 3476 218.

249 3505 286 3571 (5)
305 3507 362 3559 ind.
382 3507 446 3559 lect.
465 3504 629 3573 Gryphisw.
650 3506 727 3560 1894.

249 3587 288 3656 (6)
307 3597 432 3643 mutatae
450 3590 563 3642 semine
581 3604 654 3656 quae
673 3600 718 3645 est
731 3591 814 3644 lectio
833 3591 941 3645 codicis
961 3591 1042 3644 nihili
1061 3605 1129 3644 esse
1142 3588 1268 3641 Maassio

216 3673 353 3727 concedo.
393 3675 445 3727 sed
476 3674 569 3727 lenior
597 3673 710 3728 videtur
738 3675 878 3728 correctio
909 3674 1018 3728 Nicolai
1048 3673 1151 3726 Heinsi
1181 3684 1267 3738 quam

215 3758 310 3826 recepi
338 3758 373 3810 iis
400 3771 474 3823 quae
499 3757 548 3810 ille
575 3758 703 3823 protulit:
733 3759 845 3812 sublate
871 3758 918 3811 vel
946 3764 1084 3824 prognate
1106 3772 1122 3810 e
1146 3755 1268 3808 semine.

215 3856 241 3894 v.
262 3840 292 3892 R.
312 3840 408 3907 Franz,
428 3840 464 3894 de
482 3840 622 3895 Callistus
641 3841 743 3895 fabula.
773 3842 865 3908 Leipz.
886 3840 965 3895 Stud.
986 3839 1056 3894 1890
1080 3854 1105 3906 p.
1123 3839 1187 3893 326.

249 3924 287 3991 (7)
307 3924 439 3978 ultimum
453 3939 570 3978 versum
581 3925 785 3991 supplemento
798 3939 883 3992 egere
896 3933 974 3978 ratus
983 3922 1128 3978 Maassius
1141 3923 1269 3991 scripsit:
