2978 4546
739 331 858 440 (ll)

271 505 384 573 fabula
417 504 461 572 de
495 504 653 589 Pythone
688 507 806 573 occiso
839 505 997 573 similiter
1024 508 1191 591 exposita,
1229 507 1322 574 addit

271 614 469 698 Apollinem
492 613 624 698 Pythiis
649 627 793 698 propter
814 617 994 682 victoriam
1019 629 1148 700 partam
1174 616 1322 684 conditis

270 726 422 791 victores
446 723 543 792 lauro
567 742 768 791 coronasse.

315 846 468 901 ceterum
482 831 650 900 Ovidium
668 832 785 901 ambas
798 832 929 901 fabulas
945 835 1037 917 apud
1050 834 1322 919 mythographos

273 944 473 1010 coniunctas
507 942 632 1026 legisse
664 942 721 1009 vel
755 943 886 1009 idcirco
924 941 1103 1026 probabile
1140 956 1192 1010 est
1229 943 1323 1026 quod

273 1051 412 1118 alteram
438 1051 498 1134 (de
521 1050 708 1135 Pythone),
742 1053 807 1118 nisi
830 1052 971 1119 alterius
994 1053 1169 1135 appendix
1192 1051 1324 1135 fuisset,

272 1163 332 1228 vix
355 1179 394 1227 ac
429 1179 472 1227 ne
495 1163 554 1228 vix
578 1162 718 1243 quidem
743 1163 777 1226 in
801 1161 959 1227 ordinem
996 1163 1198 1244 recepisset.
1242 1162 1324 1246 quid

274 1272 365 1337 enim
390 1269 557 1337 adrem?
602 1269 692 1336 nulla
717 1272 806 1336 inest
829 1268 1133 1352 metamorphosis.

316 1381 467 1464 denique
490 1378 575 1446 haec
599 1398 739 1463 quoque
763 1381 919 1463 quaestio
944 1381 1054 1446 oritur
1081 1378 1164 1462 quid
1187 1379 1323 1446 tandem

274 1502 411 1572 poetam
450 1491 664 1571 permoverit
697 1504 734 1555 ut
769 1507 787 1554 a
825 1487 955 1554 diluvio
989 1489 1032 1554 ad
1064 1487 1258 1571 Pythonem
1293 1500 1326 1554 et

275 1597 447 1681 Daphnen
481 1600 660 1664 transitum
696 1595 835 1665 faceret.
878 1615 956 1664 nam
991 1595 1075 1663 illud
1098 1598 1211 1680 quivis
1236 1615 1325 1663 unus

274 1719 400 1790 sponte
437 1706 610 1791 intelleget
646 1725 774 1774 nexum
809 1725 878 1790 quo
912 1724 997 1772 usus
1032 1717 1094 1787 est,
1127 1719 1163 1771 ut
1195 1705 1327 1771 scilicet

275 1815 469 1899 Pythonem
494 1818 583 1882 inter
604 1814 760 1882 animalia
785 1813 893 1882 luisse
916 1813 1086 1881 scriberet
1108 1832 1195 1897 quae
1218 1811 1326 1882 Terra

276 1928 473 2007 peperisset
509 1938 589 2008 post
626 1925 806 2006 diluvium,
844 1925 909 2007 ipsi
944 1922 1081 1990 deberi:
1119 1941 1325 2006 quamquam

275 2032 469 2116 Pythonem
494 2032 599 2100 lilium
616 2031 766 2101 Telluris
783 2051 862 2100 esse
890 2033 990 2099 etiam
1015 2050 1058 2099 ex
1086 2030 1228 2115 Hygino
1247 2029 1324 2113 (88)

276 2155 395 2209 notum
430 2155 491 2208 est.
535 2154 567 2207 at
590 2143 767 2225 quomodo
802 2138 932 2207 labulas
966 2153 1032 2207 tam
1057 2139 1214 2208 diversas
1237 2142 1327 2208 inter

276 2269 315 2319 se
339 2250 527 2318 cohaerere
551 2249 733 2317 dicamus?
777 2252 806 2316 si
837 2267 892 2316 me
919 2248 1029 2332 audis,
1062 2248 1157 2317 nullo
1180 2266 1327 2333 prorsus

275 2358 416 2426 vinculo
440 2361 643 2426 coniunctae
660 2358 808 2427 fuerunt.
836 2360 890 2425 sin
907 2360 1107 2443 quaerimus
1123 2377 1211 2442 quae
1227 2376 1330 2426 causa

278 2468 447 2538 Ovidium
471 2468 647 2553 impulerit
670 2483 706 2536 ut
728 2468 795 2535 hoc
818 2471 1039 2554 potissimum
1057 2469 1181 2536 ordine
1197 2465 1330 2534 fabulas

277 2598 357 2646 suas
393 2592 594 2664 exponeret,
628 2579 972 2646 animadvertendum
1008 2591 1060 2644 est
1093 2579 1127 2643 in
1150 2574 1262 2644 fabula
1286 2575 1329 2642 de

278 2687 409 2755 diluvio
433 2686 591 2772 Delphos
620 2689 888 2754 commemorari
922 2699 956 2753 et
984 2684 1162 2752 oraculum
1187 2683 1331 2769 Delphi·

280 2815 375 2864 cum:
394 2810 427 2864 et
442 2796 637 2880 Pythonem
655 2795 802 2880 Delphis
819 2797 941 2863 occidi.
974 2793 1048 2862 lieri
1065 2807 1178 2879 potest
1194 2807 1230 2860 ut
1251 2812 1328 2861 cum

278 2909 311 2974 in
336 2906 449 2975 fabula
483 2907 526 2975 de
560 2907 692 2975 diluvio
715 2908 925 2990 scripsisset,
958 2908 1047 2973 sicut
1080 2918 1113 2972 et
1139 2917 1330 2989 acceperat,

277 3015 426 3084 Themin
451 3013 598 3099 Delphis
621 3013 827 3081 Deucalioni
862 3027 895 3080 et
917 3013 1072 3097 Pyrrhae
1105 3025 1236 3078 sortem
1271 3010 1331 3077 de-

278 3124 384 3206 disse,
407 3126 550 3191 miratus
574 3142 637 3189 cur
660 3140 730 3189 non
753 3121 906 3206 Apollini
930 3122 997 3189 hoc
1021 3138 1147 3187 munus
1163 3119 1331 3187 tribuere·

278 3246 343 3316 tur,
367 3234 410 3300 de
426 3234 541 3317 prisca
554 3230 716 3316 Delphici
734 3230 864 3298 oraculi
881 3230 1023 3297 historia
1039 3227 1328 3312 mythographum

449 3387 530 3392 ——..
919 3382 1331 3390 ..-.....-......-—-———--—.-.

277 3465 349 3531 τικὴν
365 3467 460 3537 τέχνην
475 3463 527 3518 inl
543 3465 588 3517 τοῦ
605 3463 702 3524 Πανός.
730 3473 758 3518 et
775 3465 860 3532 paulo
878 3477 977 3531 supra:
995 3460 1187 3532 ἑπταφθόγγου
1203 3459 1233 3513 δὲ
1250 3458 1332 3526 αὗτῆν

278 3552 400 3614 ἐποίησεν
419 3548 470 3615 (sc.
487 3567 532 3615 την
545 3550 629 3620 χέλυν
642 3545 797 3614 Ἀπόλλων)
817 3545 1005 3621 ἁρμοσάμενος
1023 3546 1091 3615 πρὸς
1107 3544 1158 3610 vir
1174 3545 1220 3597 τοῦ
1238 3542 1332 3604 Πανὸς

277 3632 393 3703 σύριγγα
410 3629 441 3686 οὐ
459 3635 503 3686 τοῦ
516 3631 616 3704 Ἑρμοῦ
633 3633 678 3686 καὶ
696 3632 866 3698 Πηνελόπης,
888 3631 954 3684 ἀλλὰ
972 3631 1016 3682 τοῦ
1034 3631 1096 3689 Διὸς
1113 3630 1158 3682 καὶ
1177 3627 1332 3701 Θύμβρεως.

312 3717 361 3784 qui
383 3717 469 3785 vulgo
492 3725 626 3784 parentes
649 3717 734 3771 Panis
758 3732 824 3772 esse
848 3717 986 3780 ferantur,
1011 3730 1037 3767 v.
1056 3713 1130 3781 apud
1153 3711 1330 3766 Mirnzelium

280 3808 390 3868 quaest
409 3801 550 3868 mythogr.
569 3815 596 3867 p.
617 3800 650 3855 10
662 3816 725 3868 sqq.

312 3901 370 3969 (ss)
390 3900 447 3955 tan.
468 3901 527 3954 rm
