<?xml version="1.0" encoding="UTF-8"?>
<!DOCTYPE html PUBLIC "-//W3C//DTD XHTML 1.0 Transitional//EN"
    "http://www.w3.org/TR/xhtml1/DTD/xhtml1-transitional.dtd">
<html xmlns="http://www.w3.org/1999/xhtml" xml:lang="en" lang="en">
 <head>
  <title>
</title>
<meta http-equiv="Content-Type" content="text/html;charset=utf-8" />
  <meta name='ocr-system' content='tesseract 3.04.00' />
  <meta name='ocr-capabilities' content='ocr_page ocr_carea ocr_par ocr_line ocrx_word'/>
</head>
<body>
  <div class='ocr_page' id='page_1' title='image "./deovidimythopoe00vollgoog_0099.png"; bbox 0 0 2978 4546; ppageno 0'>
   <div class='ocr_carea' id='block_1_1' title="bbox 689 434 809 539">
    <p class='ocr_par' dir='ltr' id='par_1_1' title="bbox 689 434 809 539">
     <span class='ocr_line' id='line_1_1' title="bbox 689 434 809 539; baseline 0.025 -3"><span class='ocrx_word' id='word_1_1' title='bbox 689 434 809 539; x_wconf 75' lang='lat'><strong>(⁸⁴)</strong></span> 
     </span>
    </p>
   </div>
   <div class='ocr_carea' id='block_1_2' title="bbox 217 603 1276 1341">
    <p class='ocr_par' dir='ltr' id='par_1_2' title="bbox 217 603 1276 1341">
     <span class='ocr_line' id='line_1_2' title="bbox 217 603 1276 691; baseline 0.001 -18"><span class='ocrx_word' id='word_1_2' title='bbox 217 620 331 690; x_wconf 86' lang='lat' dir='ltr'><strong>potest</strong></span> <span class='ocrx_word' id='word_1_3' title='bbox 359 604 493 673; x_wconf 87' lang='lat' dir='ltr'><strong>librone</strong></span> <span class='ocrx_word' id='word_1_4' title='bbox 520 624 562 671; x_wconf 87' lang='lat' dir='ltr'><strong>an</strong></span> <span class='ocrx_word' id='word_1_5' title='bbox 591 607 758 672; x_wconf 91' lang='lat' dir='ltr'><strong>memoria</strong></span> <span class='ocrx_word' id='word_1_6' title='bbox 787 603 896 673; x_wconf 85' lang='lat' dir='ltr'><strong>fretus</strong></span> <span class='ocrx_word' id='word_1_7' title='bbox 919 605 1047 673; x_wconf 91' lang='lat' dir='ltr'><strong>scribat</strong></span> <span class='ocrx_word' id='word_1_8' title='bbox 1069 618 1181 691; x_wconf 85' lang='lat' dir='ltr'><strong>poeta.</strong></span> <span class='ocrx_word' id='word_1_9' title='bbox 1226 622 1276 674; x_wconf 85' lang='lat' dir='ltr'><strong>at-</strong></span> 
     </span>
     <span class='ocr_line' id='line_1_3' title="bbox 217 711 1274 799; baseline 0.002 -18"><span class='ocrx_word' id='word_1_10' title='bbox 217 729 329 783; x_wconf 87' lang='lat' dir='ltr'><strong>tamen</strong></span> <span class='ocrx_word' id='word_1_11' title='bbox 353 713 445 781; x_wconf 90' lang='lat' dir='ltr'><strong>haud</strong></span> <span class='ocrx_word' id='word_1_12' title='bbox 468 712 529 781; x_wconf 89' lang='lat' dir='ltr'><strong>ahs</strong></span> <span class='ocrx_word' id='word_1_13' title='bbox 554 733 591 782; x_wconf 91' lang='lat' dir='ltr'><strong>re</strong></span> <span class='ocrx_word' id='word_1_14' title='bbox 615 711 718 780; x_wconf 83' lang='lat' dir='ltr'><strong>fuerit</strong></span> <span class='ocrx_word' id='word_1_15' title='bbox 740 712 866 798; x_wconf 87' lang='lat' dir='ltr'><strong>quihus</strong></span> <span class='ocrx_word' id='word_1_16' title='bbox 890 715 977 781; x_wconf 91' lang='lat' dir='ltr'><strong>locis</strong></span> <span class='ocrx_word' id='word_1_17' title='bbox 1007 717 1274 799; x_wconf 84' lang='lat' dir='ltr'>excerptionum</span> 
     </span>
     <span class='ocr_line' id='line_1_4' title="bbox 218 820 1274 909; baseline -0.001 -18"><span class='ocrx_word' id='word_1_18' title='bbox 218 843 303 909; x_wconf 87' lang='lat' dir='ltr'><strong>quas</strong></span> <span class='ocrx_word' id='word_1_19' title='bbox 327 823 405 890; x_wconf 90' lang='lat' dir='ltr'><strong>dicu</strong></span> <span class='ocrx_word' id='word_1_20' title='bbox 428 820 607 890; x_wconf 85' lang='lat' dir='ltr'><strong>manifesta</strong></span> <span class='ocrx_word' id='word_1_21' title='bbox 634 824 777 907; x_wconf 84' lang='lat' dir='ltr'><strong>vestigia</strong></span> <span class='ocrx_word' id='word_1_22' title='bbox 799 822 922 891; x_wconf 87' lang='lat' dir='ltr'><strong>videre</strong></span> <span class='ocrx_word' id='word_1_23' title='bbox 946 822 1029 889; x_wconf 92' lang='lat' dir='ltr'><strong>mihi</strong></span> <span class='ocrx_word' id='word_1_24' title='bbox 1052 822 1186 907; x_wconf 88' lang='lat' dir='ltr'><strong>videor,</strong></span> <span class='ocrx_word' id='word_1_25' title='bbox 1210 841 1274 892; x_wconf 90' lang='lat' dir='ltr'><strong>eos</strong></span> 
     </span>
     <span class='ocr_line' id='line_1_5' title="bbox 218 930 1272 1015; baseline 0 -15"><span class='ocrx_word' id='word_1_26' title='bbox 218 945 361 1000; x_wconf 87' lang='lat' dir='ltr'><strong>cunctos</strong></span> <span class='ocrx_word' id='word_1_27' title='bbox 378 931 443 999; x_wconf 92' lang='lat' dir='ltr'><strong>sub</strong></span> <span class='ocrx_word' id='word_1_28' title='bbox 459 950 567 999; x_wconf 88' lang='lat' dir='ltr'><strong>unum</strong></span> <span class='ocrx_word' id='word_1_29' title='bbox 584 944 812 1015; x_wconf 88' lang='lat' dir='ltr'><strong>conspectum</strong></span> <span class='ocrx_word' id='word_1_30' title='bbox 828 948 973 1015; x_wconf 85' lang='lat' dir='ltr'><strong>ponere.</strong></span> <span class='ocrx_word' id='word_1_31' title='bbox 999 933 1133 1000; x_wconf 88' lang='lat' dir='ltr'><strong>initium</strong></span> <span class='ocrx_word' id='word_1_32' title='bbox 1148 930 1272 1000; x_wconf 81' lang='lat' dir='ltr'><strong>inciam</strong></span> 
     </span>
     <span class='ocr_line' id='line_1_6' title="bbox 217 1039 1272 1125; baseline 0.001 -18"><span class='ocrx_word' id='word_1_33' title='bbox 217 1040 336 1108; x_wconf 88' lang='lat' dir='ltr'><strong>aloco</strong></span> <span class='ocrx_word' id='word_1_34' title='bbox 360 1053 476 1108; x_wconf 93' lang='lat' dir='ltr'><strong>notatu</strong></span> <span class='ocrx_word' id='word_1_35' title='bbox 505 1042 624 1124; x_wconf 89' lang='lat' dir='ltr'><strong>utique</strong></span> <span class='ocrx_word' id='word_1_36' title='bbox 653 1039 756 1124; x_wconf 87' lang='lat' dir='ltr'><strong>digno</strong></span> <span class='ocrx_word' id='word_1_37' title='bbox 785 1042 819 1107; x_wconf 93' lang='lat' dir='ltr'><strong>in</strong></span> <span class='ocrx_word' id='word_1_38' title='bbox 841 1039 1061 1125; x_wconf 89' lang='lat' dir='ltr'><strong>Minyeidum</strong></span> <span class='ocrx_word' id='word_1_39' title='bbox 1084 1039 1196 1108; x_wconf 87' lang='lat' dir='ltr'><strong>fabula</strong></span> <span class='ocrx_word' id='word_1_40' title='bbox 1219 1043 1272 1109; x_wconf 91' lang='lat' dir='ltr'><strong>ln·</strong></span> 
     </span>
     <span class='ocr_line' id='line_1_7' title="bbox 217 1147 1271 1236; baseline 0.002 -20"><span class='ocrx_word' id='word_1_41' title='bbox 217 1149 332 1232; x_wconf 86' lang='lat' dir='ltr'><strong>cluso,</strong></span> <span class='ocrx_word' id='word_1_42' title='bbox 365 1167 435 1233; x_wconf 95' lang='lat' dir='ltr'><strong>quo</strong></span> <span class='ocrx_word' id='word_1_43' title='bbox 469 1147 630 1217; x_wconf 91' lang='lat' dir='ltr'><strong>Bacchus</strong></span> <span class='ocrx_word' id='word_1_44' title='bbox 663 1151 755 1216; x_wconf 90' lang='lat' dir='ltr'><strong>inani</strong></span> <span class='ocrx_word' id='word_1_45' title='bbox 789 1147 978 1216; x_wconf 86' lang='lat' dir='ltr'><strong>verborum</strong></span> <span class='ocrx_word' id='word_1_46' title='bbox 1012 1151 1134 1216; x_wconf 82' lang='lat' dir='ltr'><strong>tinnitu</strong></span> <span class='ocrx_word' id='word_1_47' title='bbox 1168 1163 1271 1236; x_wconf 91' lang='lat' dir='ltr'><strong>atque</strong></span> 
     </span>
     <span class='ocr_line' id='line_1_8' title="bbox 217 1256 595 1341; baseline -0.003 -17"><span class='ocrx_word' id='word_1_48' title='bbox 217 1259 363 1341; x_wconf 88' lang='lat' dir='ltr'><strong>strepitu</strong></span> <span class='ocrx_word' id='word_1_49' title='bbox 387 1256 595 1325; x_wconf 85' lang='lat' dir='ltr'><strong>celebratur:</strong></span> 
     </span>
    </p>
   </div>
   <div class='ocr_carea' id='block_1_3' title="bbox 250 1498 479 1553">
    <p class='ocr_par' dir='ltr' id='par_1_3' title="bbox 250 1498 479 1553">
     <span class='ocr_line' id='line_1_9' title="bbox 250 1498 479 1553; baseline -0.013 0"><span class='ocrx_word' id='word_1_50' title='bbox 250 1499 365 1553; x_wconf 85' lang='lat' dir='ltr'><strong>Metam.</strong></span> <span class='ocrx_word' id='word_1_51' title='bbox 384 1498 429 1551; x_wconf 92' lang='lat' dir='ltr'><strong>lV.</strong></span> <span class='ocrx_word' id='word_1_52' title='bbox 451 1499 479 1550; x_wconf 94' lang='lat' dir='ltr'><strong>ll</strong></span> 
     </span>
    </p>
   </div>
   <div class='ocr_carea' id='block_1_4' title="bbox 215 1641 1270 3304">
    <p class='ocr_par' dir='ltr' id='par_1_4' title="bbox 215 1641 1270 3304">
     <span class='ocr_line' id='line_1_10' title="bbox 283 1641 1270 1710; baseline 0.002 -16"><span class='ocrx_word' id='word_1_53' title='bbox 283 1652 403 1710; x_wconf 89' lang='lat' dir='ltr'><strong>turaque</strong></span> <span class='ocrx_word' id='word_1_54' title='bbox 422 1642 489 1695; x_wconf 89' lang='lat' dir='ltr'><strong>dant</strong></span> <span class='ocrx_word' id='word_1_55' title='bbox 507 1641 713 1709; x_wconf 84' lang='lat' dir='ltr'>Bacchumque</span> <span class='ocrx_word' id='word_1_56' title='bbox 733 1650 837 1696; x_wconf 84' lang='lat' dir='ltr'><strong>vocant</strong></span> <span class='ocrx_word' id='word_1_57' title='bbox 856 1641 1066 1710; x_wconf 81' lang='lat' dir='ltr'><strong>Bromiumque</strong></span> <span class='ocrx_word' id='word_1_58' title='bbox 1083 1641 1270 1710; x_wconf 77' lang='lat' dir='ltr'><strong>Lyaeumque</strong></span> 
     </span>
     <span class='ocr_line' id='line_1_11' title="bbox 283 1725 1164 1794; baseline 0.001 -17"><span class='ocrx_word' id='word_1_59' title='bbox 283 1725 505 1793; x_wconf 73' lang='lat' dir='ltr'><strong>ignigenamque</strong></span> <span class='ocrx_word' id='word_1_60' title='bbox 525 1733 678 1792; x_wconf 87' lang='lat' dir='ltr'><strong>satumque</strong></span> <span class='ocrx_word' id='word_1_61' title='bbox 696 1726 799 1778; x_wconf 90' lang='lat' dir='ltr'><strong>iterum</strong></span> <span class='ocrx_word' id='word_1_62' title='bbox 819 1727 976 1794; x_wconf 92' lang='lat' dir='ltr'><strong>solumque</strong></span> <span class='ocrx_word' id='word_1_63' title='bbox 994 1725 1164 1779; x_wconf 89' lang='lat' dir='ltr'><strong>Bimatrem:</strong></span> 
     </span>
     <span class='ocr_line' id='line_1_12' title="bbox 283 1806 1019 1877; baseline 0 -15"><span class='ocrx_word' id='word_1_64' title='bbox 283 1808 395 1863; x_wconf 90' lang='lat' dir='ltr'><strong>additur</strong></span> <span class='ocrx_word' id='word_1_65' title='bbox 413 1810 458 1862; x_wconf 92' lang='lat' dir='ltr'><strong>his</strong></span> <span class='ocrx_word' id='word_1_66' title='bbox 477 1807 593 1876; x_wconf 86' lang='lat' dir='ltr'><strong>Nyseus</strong></span> <span class='ocrx_word' id='word_1_67' title='bbox 613 1807 845 1877; x_wconf 85' lang='lat' dir='ltr'><strong>indetonsusque</strong></span> <span class='ocrx_word' id='word_1_68' title='bbox 863 1806 1019 1876; x_wconf 85' lang='lat' dir='ltr'><strong>Thyoneus</strong></span> 
     </span>
     <span class='ocr_line' id='line_1_13' title="bbox 284 1893 914 1961; baseline -0.002 -14"><span class='ocrx_word' id='word_1_69' title='bbox 284 1901 395 1948; x_wconf 87' lang='lat' dir='ltr'><strong>etcum</strong></span> <span class='ocrx_word' id='word_1_70' title='bbox 416 1893 529 1947; x_wconf 88' lang='lat' dir='ltr'><strong>Lenaeo</strong></span> <span class='ocrx_word' id='word_1_71' title='bbox 548 1893 669 1961; x_wconf 88' lang='lat' dir='ltr'><strong>genialis</strong></span> <span class='ocrx_word' id='word_1_72' title='bbox 688 1894 816 1947; x_wconf 88' lang='lat' dir='ltr'><strong>consitor</strong></span> <span class='ocrx_word' id='word_1_73' title='bbox 834 1907 914 1959; x_wconf 87' lang='lat' dir='ltr'><strong>uvae,</strong></span> 
     </span>
     <span class='ocr_line' id='line_1_14' title="bbox 220 1976 1169 2045; baseline -0.001 -15"><span class='ocrx_word' id='word_1_74' title='bbox 220 1979 251 2030; x_wconf 86' lang='lat'><strong>15</strong></span> <span class='ocrx_word' id='word_1_75' title='bbox 285 1976 494 2045; x_wconf 83' lang='lat' dir='ltr'><strong>Nycteliusque</strong></span> <span class='ocrx_word' id='word_1_76' title='bbox 512 1976 687 2044; x_wconf 89' lang='lat' dir='ltr'><strong>Eleleusque</strong></span> <span class='ocrx_word' id='word_1_77' title='bbox 704 1990 809 2044; x_wconf 90' lang='lat' dir='ltr'><strong>parens</strong></span> <span class='ocrx_word' id='word_1_78' title='bbox 832 1985 859 2031; x_wconf 91' lang='lat' dir='ltr'><strong>et</strong></span> <span class='ocrx_word' id='word_1_79' title='bbox 876 1976 996 2031; x_wconf 82' lang='lat' dir='ltr'><strong>Iacchus</strong></span> <span class='ocrx_word' id='word_1_80' title='bbox 1015 1984 1042 2030; x_wconf 91' lang='lat' dir='ltr'><strong>et</strong></span> <span class='ocrx_word' id='word_1_81' title='bbox 1060 1976 1169 2041; x_wconf 89' lang='lat' dir='ltr'><strong>Euhan,</strong></span> 
     </span>
     <span class='ocr_line' id='line_1_15' title="bbox 284 2057 1018 2129; baseline -0.003 -14"><span class='ocrx_word' id='word_1_82' title='bbox 284 2068 312 2115; x_wconf 92' lang='lat' dir='ltr'><strong>et</strong></span> <span class='ocrx_word' id='word_1_83' title='bbox 329 2075 403 2128; x_wconf 91' lang='lat' dir='ltr'><strong>quae</strong></span> <span class='ocrx_word' id='word_1_84' title='bbox 421 2068 567 2127; x_wconf 89' lang='lat' dir='ltr'><strong>praeterea</strong></span> <span class='ocrx_word' id='word_1_85' title='bbox 585 2074 636 2128; x_wconf 90' lang='lat' dir='ltr'><strong>per</strong></span> <span class='ocrx_word' id='word_1_86' title='bbox 655 2057 757 2114; x_wconf 88' lang='lat' dir='ltr'><strong>Graias</strong></span> <span class='ocrx_word' id='word_1_87' title='bbox 776 2060 899 2128; x_wconf 90' lang='lat' dir='ltr'><strong>plurima</strong></span> <span class='ocrx_word' id='word_1_88' title='bbox 916 2068 1018 2129; x_wconf 78' lang='lat' dir='ltr'><strong>gentes</strong></span> 
     </span>
     <span class='ocr_line' id='line_1_16' title="bbox 283 2143 1236 2212; baseline -0.001 -15"><span class='ocrx_word' id='word_1_89' title='bbox 283 2147 410 2210; x_wconf 90' lang='lat' dir='ltr'><strong>nomina,</strong></span> <span class='ocrx_word' id='word_1_90' title='bbox 427 2143 519 2210; x_wconf 88' lang='lat' dir='ltr'><strong>Liber,</strong></span> <span class='ocrx_word' id='word_1_91' title='bbox 537 2144 635 2198; x_wconf 88' lang='lat' dir='ltr'><strong>habes.</strong></span> <span class='ocrx_word' id='word_1_92' title='bbox 662 2145 711 2198; x_wconf 87' lang='lat' dir='ltr'><strong>tihi</strong></span> <span class='ocrx_word' id='word_1_93' title='bbox 730 2145 807 2197; x_wconf 89' lang='lat' dir='ltr'><strong>enim</strong></span> <span class='ocrx_word' id='word_1_94' title='bbox 826 2144 1030 2212; x_wconf 87' lang='lat' dir='ltr'><strong>inconsumpta</strong></span> <span class='ocrx_word' id='word_1_95' title='bbox 1048 2144 1163 2197; x_wconf 88' lang='lat' dir='ltr'><strong>iuventa</strong></span> <span class='ocrx_word' id='word_1_96' title='bbox 1181 2150 1236 2210; x_wconf 87' lang='lat' dir='ltr'><strong>est,</strong></span> 
     </span>
     <span class='ocr_line' id='line_1_17' title="bbox 283 2226 942 2296; baseline 0.002 -15"><span class='ocrx_word' id='word_1_97' title='bbox 283 2237 313 2281; x_wconf 90' lang='lat' dir='ltr'><strong>tu</strong></span> <span class='ocrx_word' id='word_1_98' title='bbox 331 2241 404 2296; x_wconf 90' lang='lat' dir='ltr'><strong>puer</strong></span> <span class='ocrx_word' id='word_1_99' title='bbox 420 2236 564 2294; x_wconf 76' lang='lat' dir='ltr'><strong>necemus,</strong></span> <span class='ocrx_word' id='word_1_100' title='bbox 582 2236 613 2281; x_wconf 95' lang='lat' dir='ltr'><strong>tu</strong></span> <span class='ocrx_word' id='word_1_101' title='bbox 632 2226 867 2282; x_wconf 82' lang='lat' dir='ltr'><strong>formosissimus</strong></span> <span class='ocrx_word' id='word_1_102' title='bbox 885 2228 942 2282; x_wconf 90' lang='lat' dir='ltr'><strong>alto</strong></span> 
     </span>
     <span class='ocr_line' id='line_1_18' title="bbox 283 2311 1084 2378; baseline 0 -13"><span class='ocrx_word' id='word_1_103' title='bbox 283 2311 461 2378; x_wconf 82' lang='lat' dir='ltr'><strong>conspiceris</strong></span> <span class='ocrx_word' id='word_1_104' title='bbox 480 2312 567 2364; x_wconf 90' lang='lat' dir='ltr'><strong>caelo.</strong></span> <span class='ocrx_word' id='word_1_105' title='bbox 598 2311 656 2377; x_wconf 91' lang='lat' dir='ltr'><strong>tibi,</strong></span> <span class='ocrx_word' id='word_1_106' title='bbox 677 2324 743 2364; x_wconf 90' lang='lat' dir='ltr'><strong>cum</strong></span> <span class='ocrx_word' id='word_1_107' title='bbox 762 2313 827 2365; x_wconf 91' lang='lat' dir='ltr'><strong>sine</strong></span> <span class='ocrx_word' id='word_1_108' title='bbox 845 2313 981 2365; x_wconf 90' lang='lat' dir='ltr'><strong>cornibus</strong></span> <span class='ocrx_word' id='word_1_109' title='bbox 999 2319 1084 2377; x_wconf 86' lang='lat' dir='ltr'><strong>astas,</strong></span> 
     </span>
     <span class='ocr_line' id='line_1_19' title="bbox 216 2395 1073 2463; baseline -0.001 -14"><span class='ocrx_word' id='word_1_110' title='bbox 216 2396 251 2449; x_wconf 74' lang='lat'><strong>20</strong></span> <span class='ocrx_word' id='word_1_111' title='bbox 284 2395 445 2463; x_wconf 89' lang='lat' dir='ltr'><strong>virgineum</strong></span> <span class='ocrx_word' id='word_1_112' title='bbox 464 2403 549 2463; x_wconf 89' lang='lat' dir='ltr'><strong>caput</strong></span> <span class='ocrx_word' id='word_1_113' title='bbox 567 2403 619 2448; x_wconf 89' lang='lat' dir='ltr'><strong>est.</strong></span> <span class='ocrx_word' id='word_1_114' title='bbox 648 2395 745 2449; x_wconf 91' lang='lat' dir='ltr'><strong>oriens</strong></span> <span class='ocrx_word' id='word_1_115' title='bbox 762 2395 812 2449; x_wconf 89' lang='lat' dir='ltr'><strong>tibi</strong></span> <span class='ocrx_word' id='word_1_116' title='bbox 830 2396 924 2450; x_wconf 89' lang='lat' dir='ltr'><strong>victus</strong></span> <span class='ocrx_word' id='word_1_117' title='bbox 942 2395 1073 2463; x_wconf 88' lang='lat' dir='ltr'><strong>adusque</strong></span> 
     </span>
     <span class='ocr_line' id='line_1_20' title="bbox 284 2478 1001 2547; baseline 0.003 -15"><span class='ocrx_word' id='word_1_118' title='bbox 284 2480 401 2534; x_wconf 89' lang='lat' dir='ltr'><strong>decolor</strong></span> <span class='ocrx_word' id='word_1_119' title='bbox 419 2487 547 2532; x_wconf 86' lang='lat' dir='ltr'><strong>extremo</strong></span> <span class='ocrx_word' id='word_1_120' title='bbox 565 2494 622 2547; x_wconf 93' lang='lat' dir='ltr'><strong>qua</strong></span> <span class='ocrx_word' id='word_1_121' title='bbox 639 2479 777 2547; x_wconf 91' lang='lat' dir='ltr'><strong>tinguitur</strong></span> <span class='ocrx_word' id='word_1_122' title='bbox 794 2478 873 2534; x_wconf 92' lang='lat' dir='ltr'><strong>india</strong></span> <span class='ocrx_word' id='word_1_123' title='bbox 892 2478 1001 2547; x_wconf 89' lang='lat' dir='ltr'><strong>Gange.</strong></span> 
     </span>
     <span class='ocr_line' id='line_1_21' title="bbox 256 2562 1133 2631; baseline 0 -15"><span class='ocrx_word' id='word_1_124' title='bbox 256 2562 258 2567; x_wconf 87' lang='grc'><strong>’</strong></span> <span class='ocrx_word' id='word_1_125' title='bbox 285 2564 412 2618; x_wconf 86' lang='lat' dir='ltr'><strong>Penthea</strong></span> <span class='ocrx_word' id='word_1_126' title='bbox 429 2572 469 2630; x_wconf 86' lang='lat' dir='ltr'><strong>tu,</strong></span> <span class='ocrx_word' id='word_1_127' title='bbox 486 2562 662 2629; x_wconf 89' lang='lat' dir='ltr'><strong>venerande,</strong></span> <span class='ocrx_word' id='word_1_128' title='bbox 683 2562 955 2631; x_wconf 77' lang='lat' dir='ltr'><strong>bipenniferumque</strong></span> <span class='ocrx_word' id='word_1_129' title='bbox 974 2563 1133 2630; x_wconf 85' lang='lat' dir='ltr'><strong>Lycurgum</strong></span> 
     </span>
     <span class='ocr_line' id='line_1_22' title="bbox 283 2645 1073 2715; baseline -0.001 -14"><span class='ocrx_word' id='word_1_130' title='bbox 283 2648 440 2715; x_wconf 87' lang='lat' dir='ltr'><strong>sacrilegos</strong></span> <span class='ocrx_word' id='word_1_131' title='bbox 459 2655 566 2701; x_wconf 89' lang='lat' dir='ltr'><strong>mactas</strong></span> <span class='ocrx_word' id='word_1_132' title='bbox 583 2645 789 2715; x_wconf 88' lang='lat' dir='ltr'><strong>Tyrrhenaque</strong></span> <span class='ocrx_word' id='word_1_133' title='bbox 807 2648 896 2701; x_wconf 88' lang='lat' dir='ltr'><strong>mittis</strong></span> <span class='ocrx_word' id='word_1_134' title='bbox 918 2647 946 2699; x_wconf 91' lang='lat' dir='ltr'><strong>in</strong></span> <span class='ocrx_word' id='word_1_135' title='bbox 965 2660 1073 2714; x_wconf 87' lang='lat' dir='ltr'><strong>aequor</strong></span> 
     </span>
     <span class='ocr_line' id='line_1_23' title="bbox 284 2730 973 2798; baseline -0.001 -13"><span class='ocrx_word' id='word_1_136' title='bbox 284 2745 411 2798; x_wconf 84' lang='lat' dir='ltr'><strong>corpora.</strong></span> <span class='ocrx_word' id='word_1_137' title='bbox 442 2740 472 2784; x_wconf 95' lang='lat' dir='ltr'><strong>tu</strong></span> <span class='ocrx_word' id='word_1_138' title='bbox 491 2731 618 2798; x_wconf 89' lang='lat' dir='ltr'><strong>biiugum</strong></span> <span class='ocrx_word' id='word_1_139' title='bbox 638 2731 721 2798; x_wconf 90' lang='lat' dir='ltr'><strong>pictis</strong></span> <span class='ocrx_word' id='word_1_140' title='bbox 739 2731 863 2798; x_wconf 86' lang='lat' dir='ltr'><strong>insignia</strong></span> <span class='ocrx_word' id='word_1_141' title='bbox 882 2730 973 2785; x_wconf 91' lang='lat' dir='ltr'><strong>irenis</strong></span> 
     </span>
     <span class='ocr_line' id='line_1_24' title="bbox 215 2814 1134 2883; baseline -0.004 -15"><span class='ocrx_word' id='word_1_142' title='bbox 215 2817 252 2868; x_wconf 84' lang='lat'><strong>25</strong></span> <span class='ocrx_word' id='word_1_143' title='bbox 287 2816 360 2868; x_wconf 86' lang='lat' dir='ltr'><strong>colla</strong></span> <span class='ocrx_word' id='word_1_144' title='bbox 377 2815 486 2882; x_wconf 90' lang='lat' dir='ltr'><strong>premis</strong></span> <span class='ocrx_word' id='word_1_145' title='bbox 505 2816 630 2882; x_wconf 92' lang='lat' dir='ltr'><strong>lyncum,</strong></span> <span class='ocrx_word' id='word_1_146' title='bbox 648 2815 779 2869; x_wconf 80' lang='lat' dir='ltr'><strong>Bacchae</strong></span> <span class='ocrx_word' id='word_1_147' title='bbox 797 2814 947 2883; x_wconf 84' lang='lat' dir='ltr'><strong>Satyrique</strong></span> <span class='ocrx_word' id='word_1_148' title='bbox 965 2822 1134 2882; x_wconf 91' lang='lat' dir='ltr'><strong>sequuntur,</strong></span> 
     </span>
     <span class='ocr_line' id='line_1_25' title="bbox 284 2897 1000 2967; baseline -0.001 -14"><span class='ocrx_word' id='word_1_149' title='bbox 284 2900 391 2967; x_wconf 90' lang='lat' dir='ltr'><strong>quique</strong></span> <span class='ocrx_word' id='word_1_150' title='bbox 409 2912 500 2952; x_wconf 87' lang='lat' dir='ltr'><strong>senex</strong></span> <span class='ocrx_word' id='word_1_151' title='bbox 519 2897 612 2952; x_wconf 88' lang='lat' dir='ltr'><strong>ierula</strong></span> <span class='ocrx_word' id='word_1_152' title='bbox 629 2899 785 2952; x_wconf 80' lang='lat' dir='ltr'><strong>titubantes</strong></span> <span class='ocrx_word' id='word_1_153' title='bbox 806 2900 904 2953; x_wconf 90' lang='lat' dir='ltr'><strong>ebrius</strong></span> <span class='ocrx_word' id='word_1_154' title='bbox 922 2907 1000 2953; x_wconf 88' lang='lat' dir='ltr'><strong>artus</strong></span> 
     </span>
     <span class='ocr_line' id='line_1_26' title="bbox 284 2981 1008 3050; baseline -0.004 -14"><span class='ocrx_word' id='word_1_155' title='bbox 284 2984 408 3036; x_wconf 89' lang='lat' dir='ltr'><strong>sustinet</strong></span> <span class='ocrx_word' id='word_1_156' title='bbox 427 2990 454 3036; x_wconf 91' lang='lat' dir='ltr'><strong>et</strong></span> <span class='ocrx_word' id='word_1_157' title='bbox 473 2982 566 3050; x_wconf 91' lang='lat' dir='ltr'><strong>pando</strong></span> <span class='ocrx_word' id='word_1_158' title='bbox 585 2997 643 3037; x_wconf 92' lang='lat' dir='ltr'><strong>non</strong></span> <span class='ocrx_word' id='word_1_159' title='bbox 663 2981 776 3037; x_wconf 86' lang='lat' dir='ltr'><strong>iortiter</strong></span> <span class='ocrx_word' id='word_1_160' title='bbox 792 2983 892 3037; x_wconf 87' lang='lat' dir='ltr'><strong>haeret</strong></span> <span class='ocrx_word' id='word_1_161' title='bbox 909 2983 1008 3036; x_wconf 88' lang='lat' dir='ltr'><strong>asello.</strong></span> 
     </span>
     <span class='ocr_line' id='line_1_27' title="bbox 283 3067 1060 3135; baseline -0.001 -15"><span class='ocrx_word' id='word_1_162' title='bbox 283 3080 467 3135; x_wconf 89' lang='lat' dir='ltr'><strong>quacumque</strong></span> <span class='ocrx_word' id='word_1_163' title='bbox 484 3067 652 3135; x_wconf 86' lang='lat' dir='ltr'><strong>ingrederis,</strong></span> <span class='ocrx_word' id='word_1_164' title='bbox 671 3068 779 3121; x_wconf 87' lang='lat' dir='ltr'><strong>clamor</strong></span> <span class='ocrx_word' id='word_1_165' title='bbox 797 3067 938 3121; x_wconf 88' lang='lat' dir='ltr'><strong>iuvenalis</strong></span> <span class='ocrx_word' id='word_1_166' title='bbox 957 3073 985 3120; x_wconf 91' lang='lat' dir='ltr'><strong>et</strong></span> <span class='ocrx_word' id='word_1_167' title='bbox 1003 3080 1060 3121; x_wconf 90' lang='lat' dir='ltr'><strong>una</strong></span> 
     </span>
     <span class='ocr_line' id='line_1_28' title="bbox 284 3150 1009 3220; baseline 0 -16"><span class='ocrx_word' id='word_1_168' title='bbox 284 3150 429 3205; x_wconf 82' lang='lat' dir='ltr'><strong>femineae</strong></span> <span class='ocrx_word' id='word_1_169' title='bbox 446 3166 533 3206; x_wconf 89' lang='lat' dir='ltr'><strong>voces</strong></span> <span class='ocrx_word' id='word_1_170' title='bbox 552 3152 736 3220; x_wconf 84' lang='lat' dir='ltr'><strong>impulsaque</strong></span> <span class='ocrx_word' id='word_1_171' title='bbox 753 3162 888 3220; x_wconf 90' lang='lat' dir='ltr'><strong>tympana</strong></span> <span class='ocrx_word' id='word_1_172' title='bbox 905 3151 1009 3219; x_wconf 90' lang='lat' dir='ltr'><strong>palmis</strong></span> 
     </span>
     <span class='ocr_line' id='line_1_29' title="bbox 215 3233 1117 3304; baseline -0.004 -15"><span class='ocrx_word' id='word_1_173' title='bbox 215 3235 251 3289; x_wconf 80' lang='lat'><strong>³0</strong></span> <span class='ocrx_word' id='word_1_174' title='bbox 286 3249 469 3304; x_wconf 88' lang='lat' dir='ltr'><strong>concavaque</strong></span> <span class='ocrx_word' id='word_1_175' title='bbox 486 3250 551 3289; x_wconf 88' lang='lat' dir='ltr'><strong>aera</strong></span> <span class='ocrx_word' id='word_1_176' title='bbox 569 3245 673 3290; x_wconf 91' lang='lat' dir='ltr'><strong>sonant</strong></span> <span class='ocrx_word' id='word_1_177' title='bbox 692 3236 836 3304; x_wconf 87' lang='lat' dir='ltr'><strong>longoque</strong></span> <span class='ocrx_word' id='word_1_178' title='bbox 855 3233 997 3289; x_wconf 91' lang='lat' dir='ltr'><strong>ioramine</strong></span> <span class='ocrx_word' id='word_1_179' title='bbox 1015 3236 1117 3288; x_wconf 86' lang='lat' dir='ltr'><strong>buxus.</strong></span> 
     </span>
    </p>
   </div>
   <div class='ocr_carea' id='block_1_5' title="bbox 217 3457 1269 3652">
    <p class='ocr_par' dir='ltr' id='par_1_5' title="bbox 217 3457 1269 3652">
     <span class='ocr_line' id='line_1_30' title="bbox 258 3457 1269 3545; baseline -0.009 -16"><span class='ocrx_word' id='word_1_180' title='bbox 258 3462 408 3545; x_wconf 92' lang='lat' dir='ltr'><strong>primum</strong></span> <span class='ocrx_word' id='word_1_181' title='bbox 432 3473 689 3543; x_wconf 88' lang='lat' dir='ltr'><strong>enumerantur,</strong></span> <span class='ocrx_word' id='word_1_182' title='bbox 713 3463 760 3526; x_wconf 93' lang='lat' dir='ltr'><strong>uti</strong></span> <span class='ocrx_word' id='word_1_183' title='bbox 777 3460 888 3543; x_wconf 87' lang='lat' dir='ltr'><strong>vides,</strong></span> <span class='ocrx_word' id='word_1_184' title='bbox 912 3461 1116 3544; x_wconf 86' lang='lat' dir='ltr'><strong>cognomina</strong></span> <span class='ocrx_word' id='word_1_185' title='bbox 1140 3472 1173 3527; x_wconf 88' lang='lat' dir='ltr'><strong>et</strong></span> <span class='ocrx_word' id='word_1_186' title='bbox 1195 3457 1269 3540; x_wconf 91' lang='lat' dir='ltr'><strong>epi·</strong></span> 
     </span>
     <span class='ocr_line' id='line_1_31' title="bbox 217 3566 1266 3652; baseline -0.007 -16"><span class='ocrx_word' id='word_1_187' title='bbox 217 3569 307 3637; x_wconf 90' lang='lat' dir='ltr'><strong>theta</strong></span> <span class='ocrx_word' id='word_1_188' title='bbox 327 3569 456 3636; x_wconf 86' lang='lat' dir='ltr'><strong>Bacchi</strong></span> <span class='ocrx_word' id='word_1_189' title='bbox 473 3567 592 3652; x_wconf 82' lang='lat'><strong>(194);</strong></span> <span class='ocrx_word' id='word_1_190' title='bbox 616 3568 742 3636; x_wconf 88' lang='lat' dir='ltr'><strong>deinde</strong></span> <span class='ocrx_word' id='word_1_191' title='bbox 766 3569 974 3637; x_wconf 89' lang='lat' dir='ltr'><strong>describitur</strong></span> <span class='ocrx_word' id='word_1_192' title='bbox 996 3569 1052 3636; x_wconf 88' lang='lat' dir='ltr'><strong>dei</strong></span> <span class='ocrx_word' id='word_1_193' title='bbox 1076 3566 1184 3634; x_wconf 90' lang='lat' dir='ltr'><strong>iorma</strong></span> <span class='ocrx_word' id='word_1_194' title='bbox 1209 3581 1266 3630; x_wconf 87' lang='lat' dir='ltr'><strong>res</strong></span> 
     </span>
    </p>
   </div>
   <div class='ocr_carea' id='block_1_6' title="bbox 215 3778 1264 3791">
    <p class='ocr_par' dir='ltr' id='par_1_6' title="bbox 215 3778 1264 3791">
     <span class='ocr_line' id='line_1_32' title="bbox 215 3778 1264 3791; baseline 0.001 -3"><span class='ocrx_word' id='word_1_195' title='bbox 215 3783 289 3789; x_wconf 78' lang='lat'><strong>—...</strong></span> <span class='ocrx_word' id='word_1_196' title='bbox 298 3783 476 3789; x_wconf 49' lang='lat' dir='ltr'>--....—v.....—..</span> <span class='ocrx_word' id='word_1_197' title='bbox 509 3783 515 3787; x_wconf 87' lang='lat'>.</span> <span class='ocrx_word' id='word_1_198' title='bbox 548 3784 596 3788; x_wconf 81' lang='lat'>...—</span> <span class='ocrx_word' id='word_1_199' title='bbox 619 3784 791 3791; x_wconf 69' lang='lat'><strong>..-...-.........„.</strong></span> <span class='ocrx_word' id='word_1_200' title='bbox 801 3786 813 3790; x_wconf 80' lang='grc'>-</span> <span class='ocrx_word' id='word_1_201' title='bbox 823 3785 837 3790; x_wconf 79' lang='lat'><em>-</em></span> <span class='ocrx_word' id='word_1_202' title='bbox 847 3785 860 3790; x_wconf 73' lang='lat'>-</span> <span class='ocrx_word' id='word_1_203' title='bbox 872 3785 924 3790; x_wconf 75' lang='grc'><strong><em>-....</em></strong></span> <span class='ocrx_word' id='word_1_204' title='bbox 934 3785 938 3789; x_wconf 92' lang='grc'>.</span> <span class='ocrx_word' id='word_1_205' title='bbox 957 3785 972 3789; x_wconf 91' lang='grc'><strong>...</strong></span> <span class='ocrx_word' id='word_1_206' title='bbox 984 3778 1246 3790; x_wconf 66' lang='grc'><strong>,-..-.-------·“·-·</strong></span> <span class='ocrx_word' id='word_1_207' title='bbox 1260 3779 1264 3782; x_wconf 89' lang='grc'><em>·</em></span> 
     </span>
    </p>
   </div>
   <div class='ocr_carea' id='block_1_7' title="bbox 216 3909 1268 4066">
    <p class='ocr_par' dir='ltr' id='par_1_7' title="bbox 216 3909 1268 4066">
     <span class='ocr_line' id='line_1_33' title="bbox 250 3909 1268 3982; baseline -0.005 -16"><span class='ocrx_word' id='word_1_208' title='bbox 250 3912 325 3980; x_wconf 77' lang='lat'><strong>(194)</strong></span> <span class='ocrx_word' id='word_1_209' title='bbox 345 3912 382 3967; x_wconf 89' lang='lat' dir='ltr'><strong>ci.</strong></span> <span class='ocrx_word' id='word_1_210' title='bbox 400 3915 508 3966; x_wconf 72' lang='grc' dir='ltr'><strong>ἐπίθετα</strong></span> <span class='ocrx_word' id='word_1_211' title='bbox 524 3910 657 3966; x_wconf 67' lang='grc' dir='ltr'><strong>Διονύσου</strong></span> <span class='ocrx_word' id='word_1_212' title='bbox 676 3915 749 3982; x_wconf 90' lang='lat' dir='ltr'><strong>apud</strong></span> <span class='ocrx_word' id='word_1_213' title='bbox 769 3913 1020 3980; x_wconf 86' lang='lat' dir='ltr'><strong>Studemundlum,</strong></span> <span class='ocrx_word' id='word_1_214' title='bbox 1039 3912 1146 3966; x_wconf 81' lang='lat' dir='ltr'><strong>Anecd.</strong></span> <span class='ocrx_word' id='word_1_215' title='bbox 1165 3911 1229 3964; x_wconf 89' lang='lat' dir='ltr'><strong>Var.</strong></span> <span class='ocrx_word' id='word_1_216' title='bbox 1249 3909 1268 3961; x_wconf 94' lang='lat' dir='ltr'><strong>l.</strong></span> 
     </span>
     <span class='ocr_line' id='line_1_34' title="bbox 216 3997 528 4066; baseline 0 -16"><span class='ocrx_word' id='word_1_217' title='bbox 216 4014 243 4066; x_wconf 89' lang='lat' dir='ltr'><strong>p.</strong></span> <span class='ocrx_word' id='word_1_218' title='bbox 260 3997 323 4052; x_wconf 79' lang='lat'><strong>268.</strong></span> <span class='ocrx_word' id='word_1_219' title='bbox 340 3997 395 4050; x_wconf 86' lang='lat'><strong>275</strong></span> <span class='ocrx_word' id='word_1_220' title='bbox 405 4012 447 4066; x_wconf 91' lang='lat' dir='ltr'><strong>sq.</strong></span> <span class='ocrx_word' id='word_1_221' title='bbox 464 3997 528 4051; x_wconf 79' lang='lat'>282.</span> 
     </span>
    </p>
   </div>
   <div class='ocr_carea' id='block_1_8' title="bbox 0 0 1494 4546">
    <p class='ocr_par' dir='ltr' id='par_1_8' title="bbox 0 0 1494 4546">
     <span class='ocr_line' id='line_1_35' title="bbox 0 0 1494 4546; baseline 0 0"><span class='ocrx_word' id='word_1_222' title='bbox 0 0 1494 4546; x_wconf 95' lang='lat' dir='ltr'><strong> </strong></span> 
     </span>
    </p>
   </div>
  </div>
 </body>
</html>
