2978 4546
775 334 894 444 (3⁴)

307 524 482 595 putantem
506 512 736 577 audieramus.
775 526 888 590 neque
912 504 1069 590 proiecto
1092 504 1155 572 alia
1179 505 1223 570 de
1246 523 1359 585 causa,

307 621 429 702 credo,
459 618 598 703 Lycaon
623 637 701 685 cum
726 617 890 700 Cecrope
914 617 1145 698 componitur,
1176 616 1240 679 nisi
1265 614 1359 696 quod

306 727 363 794 ille
398 746 538 812 quoque
571 726 693 794 harum
729 745 845 794 rerum
880 728 1040 792 inventor
1068 742 1148 790 esse
1171 721 1359 790 dicebatur.

306 836 453 921 legimus
494 839 587 904 enim
628 835 720 920 apud
758 835 961 902 Pausaniam
1000 833 1200 917 Cecropem
1241 830 1358 898 Iovem

302 944 453 1012 Ὕπατον
475 963 707 1028 nuncupasse,
730 962 833 1026 quem
850 962 956 1027 supra
972 962 990 1009 a
1005 941 1168 1025 Lycaone
1183 939 1358 1023 Lycaeum

307 1055 436 1121 dictum
479 1073 559 1121 esse
597 1056 722 1137 posuit.
783 1056 940 1129 inventa,
984 1053 1117 1134 inquis,
1160 1068 1229 1117 non
1271 1048 1358 1116 adeo

307 1180 427 1247 magna
466 1161 556 1245 (75).
595 1176 680 1230 esto.
727 1162 791 1230 sed
829 1161 1029 1245 Cecropem
1067 1161 1253 1243 antiquitus
1291 1158 1358 1225 deo

306 1289 443 1338 summo
477 1271 548 1338 Iovi
584 1289 711 1338 nomen
745 1270 914 1337 indidisse
948 1268 1035 1337 fama
1070 1283 1142 1337 erat
1172 1266 1249 1351 (77)
1286 1270 1306 1333 i.
1330 1287 1359 1335 e.

305 1379 466 1447 homines
490 1382 640 1464 primum
664 1380 707 1447 ad
730 1379 822 1447 lovis
845 1379 974 1447 cultum
998 1378 1198 1446 deduxisse.
1243 1395 1358 1444 nonne

306 1506 389 1573 ergo
412 1489 525 1571 aliqua
548 1508 627 1556 cum
655 1488 894 1572 probabilitate
922 1502 1114 1555 statuemus
1141 1489 1359 1570 scriptorem,

305 1600 360 1664 cui
385 1601 565 1682 utriusque
588 1597 680 1665 lovis
704 1598 846 1665 cultoris
875 1595 962 1665 iama
990 1599 1087 1664 cordi
1115 1609 1208 1664 esset
1230 1598 1359 1680 quique

305 1706 503 1791 Lycaonem
520 1720 600 1792 post
613 1705 787 1792 Cecropis
804 1721 961 1792 tempora
977 1708 1129 1790 genitum
1147 1724 1226 1773 esse
1243 1704 1358 1786 nollet,

305 1814 523 1884 difficultates
550 1819 594 1883 ita
618 1820 767 1884 evitasse
798 1830 834 1883 ut
855 1815 947 1883 Iovis
971 1816 1121 1899 epitheta
1144 1814 1240 1881 daret
1263 1816 1359 1881 inve·

307 1926 433 1991 nienda
455 1925 651 1992 ambobus?
696 1940 767 1993 tum
791 1924 953 2010 Cecrops
981 1942 1121 2008 quoque
1145 1927 1279 2007 primus
1303 1942 1359 1990 ur-

305 2034 384 2101 bem
402 2034 602 2101 condidisse
626 2033 801 2102 ierebatur
818 2033 907 2117 (77).
942 2033 1104 2118 equidem
1128 2032 1272 2100 definire
1288 2050 1358 2100 non

306 2161 496 2226 possumus
519 2157 634 2210 utrum
657 2147 808 2227 scriptor
834 2143 922 2210 hanc
949 2144 1153 2210 sententiam
1176 2141 1358 2226 ampiexus

305 2254 358 2332 sit,
383 2265 419 2317 ut
441 2251 610 2319 ambobus
634 2252 726 2319 idem
746 2252 849 2318 simui
873 2252 1121 2319 inveniendum
1145 2253 1358 2334 permitteret

305 2359 476 2443 anillam,
506 2374 542 2427 ut
565 2359 765 2445 Cecropem
789 2361 856 2428 hoc
879 2363 1020 2446 quidem
1044 2381 1062 2427 a
1085 2360 1247 2443 Lycaone
1271 2359 1359 2426 didi-

306 2472 396 2538 cisse
413 2470 553 2553 diceret,
576 2485 730 2538 ceterum
747 2473 778 2538 ei
795 2470 897 2554 Longe
919 2473 1044 2555 pietate
1068 2471 1291 2553 praestitisse,
1313 2487 1356 2535 an

304 2598 391 2646 vero
419 2581 573 2663 prudens
601 2580 738 2648 silentio
765 2579 913 2665 aliquam
941 2593 1072 2663 partem
1097 2580 1356 2646 controversiae

305 2692 482 2771 presserit.
526 2703 673 2757 attamen
707 2689 792 2756 iilud
825 2702 919 2756 certe
942 2701 1102 2755 constare
1124 2687 1264 2754 videtur
1286 2685 1357 2756 Ce-

305 2799 422 2882 cropis
446 2816 524 2864 cum
544 2797 706 2882 Lycaone
730 2800 1024 2883 comparationem
1048 2799 1082 2864 in
1106 2798 1229 2863 nimias
1252 2813 1357 2880 angu-

304 2909 386 2973 stias
418 2921 625 2974 contractam
660 2927 750 2991 esse,
785 2926 868 2993 ergo
902 2906 987 2974 ionti
1010 2907 1201 2974 Pausaniae
1225 2904 1355 2972 deberi.

304 3085 1089 3094 -—.—.-.—--—-—---.--—-.---——.—.-..-.
1100 3085 1206 3090 —...-....
1211 3085 1228 3090 -
1233 3083 1344 3090 ———-

337 3189 394 3258 (75)
413 3192 515 3244 iniuria
540 3191 633 3245 Hiiier
659 3191 695 3244 de
721 3190 894 3258 Gartringen
921 3191 1037 3244 inventa
1064 3203 1164 3257 regum
1183 3188 1357 3242 Arcadiaea

304 3274 445 3328 Pausania
462 3289 478 3327 e
496 3274 568 3328 libro
587 3274 712 3341 quodam
737 3273 797 3344 περὶ
820 3270 974 3345 εὑρημάτων
999 3274 1086 3340 petita
1112 3286 1180 3326 esse
1203 3273 1356 3326 arbitratus

303 3373 370 3411 esse
388 3358 508 3411 videtur.

337 3457 395 3524 (76)
413 3457 480 3512 Eus.
498 3472 594 3525 praep.
613 3472 714 3526 evang.
731 3458 754 3511 X
770 3459 789 3512 9
814 3459 918 3532 πρῶτος
934 3456 949 3512 ὃ
968 3459 1082 3532 Κέκροψ
1099 3459 1201 3525 λέγεται
1219 3459 1295 3531 Ζῆνα
1312 3474 1355 3508 κε-

302 3543 427 3606 κληκέναι
452 3540 499 3595 τδν
522 3542 588 3595 θεὸν
609 3543 646 3612 μὴ
664 3541 791 3616 πρότερον
807 3541 874 3596 οὕτω
897 3539 959 3616 παρ’
980 3540 1138 3615 ἀνθρώποις
1156 3541 1356 3614 ὠνομασμένον.

336 3642 395 3709 (77)
414 3641 511 3710 Steph.
530 3642 598 3710 Byz.
616 3657 639 3696 ε.
657 3659 683 3697 v.
697 3640 822 3709 Ἀθῆναιτ
839 3645 938 3715 πρῶτον
955 3640 1008 3714 γὰρ
1023 3641 1165 3707 Ἀθηναῖοι
1181 3643 1211 3695 τὰ
1230 3641 1292 3706 ἄστη
1310 3641 1356 3692 καὶ

302 3724 347 3786 τὰς
364 3723 452 3786 πόλεις
472 3723 563 3799 εὑρεῖν
580 3727 751 3800 ἱστοροῦνται.

336 3818 407 3871 Plin.
429 3826 484 3871 nat.
505 3819 570 3873 hist.
589 3817 646 3872 vu.
665 3819 732 3873 194:
767 3819 904 3887 oppidum
935 3817 1065 3886 Cecrops
1095 3833 1110 3870 a
1140 3832 1173 3871 se
1202 3816 1357 3885 appellavit

303 3901 485 3969 Cecropiam,
503 3917 577 3970 quae
595 3918 672 3957 nunc
691 3912 736 3956 est
754 3903 885 3957 Athenis
