2978 4546
682 310 802 417 (lt)

218 486 391 557 nissarum
411 502 504 551 nova
527 482 696 568 quaedam
719 481 860 551 exhibet
882 482 923 550 ab
945 482 1116 567 Euripide
1134 485 1275 552 inventa

218 588 319 678 atque
353 585 608 677 posterioribus
635 590 852 677 temporibus
885 593 928 660 ad
961 590 1110 660 fabulam
1135 589 1276 661 conion-

219 702 378 785 mandam
416 701 509 786 apud
543 713 663 786 poetas
702 714 735 769 et
772 700 1046 785 mythographos
1082 700 1274 785 plurimum

217 810 332 885 valuit.
377 811 477 878 cuius
510 811 713 882 sententiam
748 827 878 894 operae
911 811 1060 894 pretium
1094 822 1147 877 est
1168 809 1275 894 paulo

218 905 414 1004 diligentius
438 919 674 987 considerare.

260 1044 341 1100 cum,
362 1025 568 1094 scholiastes
591 1025 767 1111 Euripidis
792 1024 894 1109 (174)
922 1025 1046 1094 doceat
1067 1025 1275 1112 Spartorum

217 1153 345 1211 nomen
379 1133 421 1202 ab
455 1134 529 1202 aliis
566 1134 664 1212 aliter
697 1134 873 1220 explicari,
909 1136 1001 1220 apud
1034 1133 1275 1205 Stesichorum

217 1257 331 1311 autem
347 1243 542 1313 Minervam
559 1245 682 1312 dentes
698 1246 845 1327 sevisse,
865 1243 969 1329 Spiro
986 1243 1162 1312 concludit
1175 1244 1276 1313 Euri·

218 1353 335 1437 pidem
358 1351 596 1421 Stesichorum
621 1352 846 1420 subsecutum
870 1372 960 1436 esse,
994 1355 1059 1421 nisi
1088 1354 1182 1438 quod
1205 1353 1275 1423 hoc

218 1480 325 1529 unum
361 1464 544 1544 innovarit,
577 1475 613 1528 ut
647 1480 736 1546 quae
758 1463 851 1546 apud
884 1460 980 1529 illum
1003 1462 1172 1546 Minerva,
1205 1465 1273 1530 iam

218 1573 252 1637 in
276 1570 450 1655 tragoedia
474 1568 631 1640 Cadmus
655 1568 783 1638 iaceret
805 1569 986 1638 Minervae
1009 1570 1164 1640 consiliis
1186 1574 1276 1638 invi-

218 1694 316 1747 tatus.
360 1679 469 1764 quod,
490 1698 707 1764 nequaquam
742 1681 966 1747 consectariis
1000 1678 1191 1748 rationibus
1217 1699 1276 1749 se-

217 1791 343 1874 quitur.
388 1807 457 1856 non
493 1790 596 1871 enim,
629 1790 657 1855 si
691 1786 913 1856 Stesichorus
945 1783 1020 1866 roric
1050 1785 1222 1876 Σπαρτοὺς
1253 1808 1273 1856 a

216 1896 327 1966 verbo
350 1902 494 1984 σπείρειν
516 1898 615 1965 duxit
638 1894 741 1981 (175)
772 1897 866 1981 quod
890 1895 1033 1965 forsitan
1056 1900 1273 1965 tritissimum

217 1989 330 2090 fuerit,
364 2007 528 2092 idemque
551 2005 727 2091 Euripidis
760 2007 876 2072 animo
900 2005 1116 2090 obversatur,
1150 2025 1273 2075 neces-

217 2117 310 2182 sario
343 2113 491 2183 efficitur
512 2114 714 2198 Euripidem
748 2114 815 2182 hoc
837 2111 1040 2183 Stesichoro
1067 2115 1197 2183 debere
1219 2129 1272 2183 to-

217 2236 355 2308 tamque
378 2221 526 2290 iabulam
550 2222 592 2291 ab
616 2242 658 2291 eo
683 2236 872 2291 mutuatum
907 2242 996 2291 esse.
1041 2243 1155 2310 neque
1186 2242 1270 2309 ergo

218 2345 270 2401 est
292 2350 356 2399 cur
376 2331 579 2416 Euripidem
602 2335 788 2401 innovasse
804 2333 960 2400 dicamus
983 2352 1023 2401 ea
1045 2337 1079 2400 in
1103 2333 1229 2418 quibus
1251 2352 1271 2400 a

216 2440 418 2509 Stesichoro
441 2441 600 2509 dissentit
616 2439 730 2524 (176).
759 2455 792 2508 at
813 2442 915 2509 tradit
936 2440 1141 2509 scholiastes
1163 2440 1272 2526 Apol-

218 2553 289 2618 loni
312 2550 426 2619 Rhodi
450 2550 691 2636 Pherecydem
726 2565 758 2619 et
782 2551 1002 2620 Hellanicum
1035 2552 1167 2619 dixisse
1200 2569 1270 2619 non

215 2660 408 2744 Minervae,
442 2674 477 2727 ut
500 2674 552 2728 est
574 2661 667 2744 apud
690 2659 902 2746 Euripidem,
936 2661 999 2729 sed
1021 2660 1143 2728 Martis
1171 2663 1279 2729 iussu·

218 2766 391 2846 Cadmum
426 2769 548 2836 dentes
582 2771 727 2837 sevisse.
778 2789 844 2854 qua
879 2768 1013 2837 fabulae
1043 2767 1150 2854 ligura
1172 2769 1271 2836 Euri-

218 2878 319 2962 pides
342 2881 377 2944 in
400 2876 556 2945 Hercule
580 2898 665 2946 usus
688 2892 750 2946 est.
795 2880 888 2946 unde
904 2876 1007 2963 Spiro
1031 2877 1158 2963 colligit
1172 2878 1271 2946 Euri-

251 3178 327 3250 (174)
346 3181 380 3234 ad
400 3180 507 3236 Phoen.
524 3181 588 3236 670.

250 3269 324 3408 (dlis)
343 3273 398 3327 hoc
420 3273 537 3341 quidem
561 3288 577 3327 e
599 3275 702 3328 scholii
729 3274 825 3327 verbis
853 3273 925 3326 eillci
952 3289 1040 3341 posse
1070 3272 1183 3341 Spironi
1215 3287 1271 3352 con

218 3370 252 3409 ce
272 3369 300 3409 o.

248 3446 324 3513 (176)
342 3445 467 3502 fortasse
486 3456 564 3502 recte
582 3447 707 3502 Crusius
728 3448 746 3501 l.
764 3448 782 3503 1.
803 3464 830 3516 p.
847 3450 916 3503 828:
943 3464 998 3504 nur
1015 3450 1061 3504 cin
1080 3448 1271 3503 verdichteter

160 3581 163 3587 i
215 3529 377 3602 Ausdrucky
390 3531 442 3584 der
468 3531 570 3585 selben
589 3530 834 3601 Ueberlielerung
859 3533 897 3587 ist
924 3548 966 3601 es,
992 3547 1076 3588 wenn
1104 3532 1177 3587 nach
1204 3531 1275 3586 dem

215 3612 309 3668 Schol.
329 3628 365 3667 zu
383 3613 492 3668 Phoen.
504 3613 559 3668 670
577 3613 760 3671 Stesichorus
778 3618 807 3670 ir
818 3612 963 3690 Εὗρωπείᾳ
977 3616 1026 3683 τὴν
1039 3613 1160 3683 Ἀθηνᾶν
1177 3617 1272 3686 ἐσπαρ-

215 3697 292 3750 κὲναι
308 3697 368 3758 τούς
386 3695 494 3758 ὀδόντας
516 3702 605 3770 φησίν.
631 3698 668 3754 cl.
687 3699 751 3754 Eur.
769 3699 854 3755 Herc.
871 3701 927 3755 252
938 3716 981 3770 sq.
1009 3694 1030 3754 ὦ
1050 3701 1100 3770 γῆς
1116 3695 1273 3772 λοχεύμαθ’,

215 3778 261 3840 οὓς
273 3778 470 3855 Ἀρηςισιπεὸριι
487 3799 547 3835 ποτε
564 3784 667 3853 tamir
684 3783 832 3855 δράκοντος
849 3782 1014 3859 ἐξερημώσας
1031 3785 1121 3852 γένυν.
1148 3799 1174 3837 v.
1186 3781 1271 3836 wila-

217 3865 340 3919 mowitzi
364 3873 520 3921 comment.
