2978 4546
628 368 748 471 (iii

160 542 326 625 pendere.
374 540 466 624 apud
501 540 592 606 hunc
626 542 719 606 enim
752 538 891 622 Europa
924 538 1109 606 Phoenicis
1147 539 1213 606 iilia

160 663 223 732 est,
256 650 347 733 apud
385 648 481 714 illum
516 647 699 732 Agenoris
754 666 818 714 nec
856 648 1083 714 omittendum
1121 649 1212 715 duco

160 756 292 826 Ovidio
315 761 349 824 in
373 757 480 826 Fastis
504 757 648 824 eosdem
676 756 814 823 Moschi
843 775 969 823 versus
1003 758 1126 823 iterum
1154 775 1214 823 ex·

159 868 276 951 emplo
299 865 418 934 fuisse.
448 885 537 950 quos
561 868 627 932 iam
651 868 819 933 memoria
843 883 923 932 eum
939 868 1093 932 tenuisse
1114 864 1212 933 facile

159 995 326 1044 cometas:

159 1211 231 1264 Fast.
241 1209 274 1264 V.
283 1209 338 1263 607
357 1211 405 1263 iila
424 1211 519 1263 iubam
540 1210 650 1276 dextra,
668 1211 748 1264 laeva
767 1211 907 1264 retinebat
925 1213 1057 1276 amictus,

427 1310 455 1355 et
473 1303 558 1356 timor
576 1303 640 1369 ipse
658 1303 725 1357 novi
745 1316 832 1356 causa
850 1302 964 1356 decoris
984 1312 1051 1355 erat.

358 1408 427 1447 aura
445 1394 528 1448 sinus
546 1394 655 1462 implet,
674 1394 762 1449 flavos
781 1403 879 1449 movet
896 1409 965 1448 aura
982 1395 1114 1462 capillos:

427 1485 538 1553 Sidoni,
556 1489 598 1541 sic
617 1486 714 1541 fueras
733 1486 898 1554 aspicienda
917 1487 984 1541 lovi.

357 1593 447 1645 saepe
465 1580 610 1645 puellares
629 1579 767 1633 subduxit
784 1580 819 1633 ab
837 1593 964 1646 aequore
982 1580 1101 1646 plantas,

426 1678 453 1723 et
472 1671 574 1724 metuit
592 1679 684 1724 tactus
702 1672 861 1725 assilientis
880 1684 984 1738 aquae3

360 1775 449 1829 saepe
467 1762 540 1816 deus
559 1763 687 1830 prudens
705 1772 817 1830 tergum
837 1763 954 1816 demisit
972 1763 1001 1814 in
1019 1762 1121 1826 undas,

425 1854 542 1908 haereat
560 1863 592 1907 ut
610 1855 686 1907 colio
706 1854 811 1907 fortius
831 1854 879 1906 illa
897 1868 952 1907 suo
971 1851 1055 1919 (134).

200 2090 358 2172 sequitur
372 2106 490 2172 porro,
514 2091 542 2154 si
558 2087 697 2155 Moschi
718 2105 842 2171 poema
857 2089 1025 2154 ascivisse
1042 2084 1210 2154 Ovidium

155 2216 279 2265 verum
296 2210 358 2280 est,
381 2197 474 2264 unde
491 2195 627 2264 fabulae
643 2215 687 2263 ex
703 2197 770 2263 alio
786 2195 880 2264 fonte
898 2195 1212 2280 (mythographico,

156 2305 307 2390 utputo)
330 2305 396 2373 sibi
420 2309 575 2390 cognitae
591 2303 715 2374 florem
739 2320 772 2372 et
794 2306 949 2374 colorem
966 2319 1109 2389 peteret,
1132 2325 1211 2373 eum

157 2413 287 2483 fabulas
320 2416 494 2482 artissime
528 2414 756 2483 cohaerentes
790 2416 834 2482 de
857 2414 1018 2498 Europae
1052 2428 1151 2499 raptu
1180 2429 1213 2482 et

157 2521 282 2592 Cadmi
318 2527 595 2608 peregrinatione
630 2542 698 2591 non
733 2542 777 2590 ex
805 2543 874 2591 uno
909 2524 1105 2607 eodemque
1128 2541 1212 2607 poe-

159 2646 247 2699 mate
271 2630 411 2700 Gracco
435 2635 629 2717 repetiisse.

199 2761 232 2825 in
266 2756 494 2842 sequentibus
526 2776 613 2825 vcro
648 2760 681 2825 in
716 2759 838 2826 oculos
860 2761 1005 2826 incurrit
1027 2758 1211 2843 singularis

157 2867 298 2950 quidam
322 2879 512 2933 concentus
536 2863 705 2933 Ovidium
736 2869 826 2934 inter
848 2880 881 2933 et
902 2866 1069 2934 Nonnum
1092 2870 1212 2951 utiquc

157 2994 222 3060 per
261 2974 391 3043 fontem
433 2993 653 3042 communem
692 2975 937 3058 explicandus,
975 2994 1078 3059 quem
1120 2975 1211 3042 haud

157 3087 230 3151 scio
253 3103 295 3150 an
312 3084 493 3167 hucusque
517 3085 797 3151 animadverterit
819 3102 933 3150 nemo.
968 3086 1033 3149 iam
1057 3083 1211 3168 singulos

157 3193 253 3260 locos
278 3190 512 3260 conferendos
536 3191 730 3260 recensebo
753 3193 912 3259 ordinem
928 3210 1096 3259 versuum
1119 3192 1211 3275 apud

158 3299 327 3369 Ovidium
351 3314 503 3368 secutus.

191 3603 269 3669 (134)
288 3602 324 3656 ci.
345 3601 461 3656 Metam.
481 3602 525 3655 Vi.
548 3602 598 3656 105
611 3618 675 3671 sqq.

307 3752 377 3821 ipsa
394 3752 555 3808 videbator
575 3757 673 3809 terras
691 3758 826 3824 spectare
844 3754 968 3810 relictos

307 3847 336 3898 et
353 3845 476 3900 comites
494 3846 624 3900 clamore
642 3861 716 3901 sooa
735 3849 907 3917 tactumque
926 3846 1024 3902 vereri

306 3935 477 3990 assilientis
494 3953 590 4006 oquae
609 3936 794 4008 timidasque
811 3940 951 3994 reducere
966 3939 1101 4007 plantas.
