2978 4546
620 345 737 450 (33)

156 536 242 582 mur.
277 535 367 582 nunc
390 517 480 581 enim
502 516 810 583 demonstrandum
835 528 907 581 erat
927 517 1099 581 neminem
1121 514 1205 582 haec

155 640 232 692 ante
266 624 463 709 Lycaonem
499 628 686 692 invenisse.
730 638 831 707 atque
862 623 1098 691 Panathenaea
1132 628 1207 708 qui·

156 736 235 802 dem
264 736 345 801 dicit
373 737 523 818 scriptor
545 733 684 802 Theseo
715 735 855 800 demum
883 748 1046 816 regnante
1070 735 1206 800 condita

157 863 251 926 esse;
276 856 373 910 antea
396 862 483 910 vero
508 840 615 911 luisse
639 843 815 910 Athenaea
840 840 928 925 (73).
973 844 1036 910 sed
1060 861 1206 928 pergere

156 951 303 1019 debebat
326 953 513 1020 ostendere
536 951 669 1036 Lycaea
698 967 810 1020 tamen
833 952 889 1018 vel
913 951 1099 1020 Athenaeis
1123 956 1207 1019 anti-

157 1063 278 1143 quiora
302 1079 391 1128 esse.

198 1187 335 1252 tradunt
358 1200 471 1254 autem
489 1187 692 1255 Hellanicus
709 1187 879 1254 Androtio
898 1206 1051 1254 marmor
1067 1187 1205 1253 Parium

156 1293 390 1362 Philochorus
431 1295 472 1362 ab
514 1296 740 1364 Erichthonio
777 1295 1014 1363 Panathenaea
1056 1299 1205 1363 instituta

156 1423 234 1471 esse
259 1403 348 1487 (74).
398 1403 495 1472 lacile
530 1408 631 1489 igitur
665 1419 717 1473 est
748 1406 871 1472 videre
905 1406 987 1488 quid
1023 1404 1205 1473 exciderit:

155 1516 305 1598 scriptor
341 1517 399 1596 qui
433 1513 610 1582 Athenaea
644 1535 661 1580 a
695 1513 944 1581 Panathenaeis
977 1513 1206 1598 distinguebat

155 1621 239 1690 haec
262 1621 401 1689 Theseo
430 1622 525 1689 urbis
554 1624 736 1705 conditori,
770 1622 825 1689 illa
848 1622 1072 1689 Erichthonio
1100 1622 1205 1688 tribu-

156 1729 246 1813 ebat;
276 1730 538 1798 Erichthonium
566 1745 680 1798 autem
706 1732 822 1815 vulgo
842 1731 1019 1799 constabat
1041 1749 1205 1814 regnasse

156 1852 234 1920 post
246 1837 447 1922 Cecropem
464 1857 567 1923 quem
580 1839 751 1922 Lycaonis
767 1841 946 1923 aequalem
963 1839 1041 1908 lacit
1056 1842 1206 1923 scriptor

155 1948 248 2029 apud
270 1945 474 2013 Pausaniam
498 1946 713 2031 compilatus.

198 2068 408 2156 Olympicos
439 2087 553 2140 autem
582 2074 699 2156 ludos,
733 2076 863 2158 quippe
891 2077 949 2159 qui
980 2093 1049 2141 non
1077 2074 1118 2142 ab
1146 2076 1208 2142 ho-

156 2180 305 2248 minibus
339 2182 403 2249 sed
429 2202 448 2249 a
476 2184 542 2249 diis
576 2185 718 2250 instituti
753 2202 831 2250 esse
865 2182 1075 2266 dicerentur,
1109 2200 1208 2268 negat

156 2303 299 2373 propter
321 2290 356 2357 id
379 2293 494 2375 ipsum
518 2310 597 2358 cum
620 2290 765 2375 Lycaeis
789 2295 982 2375 comparari
1007 2310 1124 2375 posse.

196 2436 470 2501 controversiam
505 2433 548 2501 de
583 2433 673 2500 ludis
706 2436 861 2517 agitatam
885 2435 1014 2518 excipit
1035 2432 1207 2517 Lycaonis

154 2559 233 2607 cum
257 2539 422 2625 Cecrope
446 2544 669 2627 comparatio,
693 2545 750 2625 qui
774 2541 920 2608 Athenis
943 2544 1077 2626 primus
1100 2542 1207 2610 homo

155 2653 309 2717 extitisse
333 2648 517 2718 lerebatur.
555 2653 613 2732 qui
636 2663 745 2718 aetate
768 2649 942 2734 aequales,
965 2650 1122 2718 moribus
1146 2655 1209 2718 im-

154 2776 255 2841 pares
285 2758 393 2825 luisse
421 2760 592 2825 dicuntur.
637 2777 741 2840 quem
769 2757 884 2825 locum
914 2776 993 2826 cum
1020 2758 1207 2828 Pausanias

154 2884 223 2934 non
253 2885 318 2952 per
345 2868 449 2953 φασὶν
472 2863 650 2954 Ἀρκάδες,
683 2867 746 2933 sed
776 2884 840 2949 per
868 2864 954 2932 δοκῶ
975 2867 1011 2931 δὲ
1032 2867 1130 2951 ἔγωγε
1152 2888 1208 2935 or-

154 2978 280 3059 diatur,
317 2975 402 3043 lonti
440 2975 669 3042 nihilominus
707 2974 913 3042 tribuendus
948 2995 1028 3043 esse
1060 2977 1207 3043 videtur.

154 3084 425 3169 expectabamus
456 3087 548 3151 enim
579 3085 787 3167 scriptorem
822 3085 865 3151 de
899 3086 1025 3151 ceteris
1059 3087 1206 3151 inventis

154 3192 349 3260 locuturum
373 3193 482 3262 luisse
506 3193 801 3279 quemadmodum
825 3194 932 3259 modo
955 3192 999 3260 de
1023 3192 1113 3259 ludis
1137 3192 1207 3259 dis-

166 3371 184 3376 .,.
192 3371 204 3376 ..
208 3371 977 3381 -ἣῇ--ηοη--ὑ--α--ο-

187 3486 244 3554 (73)
263 3486 334 3539 istro
361 3501 477 3556 quoque
504 3496 578 3541 teste
605 3488 716 3541 scimus
744 3489 910 3554 opinionem
932 3487 1055 3542 Athenis
1078 3488 1206 3555 viguisse

154 3570 229 3624 ludis
243 3571 312 3624 olim
327 3569 483 3625 Athenaeis
502 3585 609 3624 nomen
629 3570 731 3625 luisse.
755 3587 780 3624 v.
793 3572 931 3639 Harpocr.
945 3588 968 3627 s.
980 3588 1007 3625 v.
1020 3571 1206 3637 Παναθήναια.

154 3655 255 3709 iniuria
273 3664 368 3709 autem
383 3655 584 3709 Wellmannus
604 3656 650 3716 (de
667 3654 738 3708 lstro
752 3653 942 3710 Callimachio
961 3656 1031 3710 diss.
1044 3655 1206 3724 Gryphisw.

157 3739 347 3805 reseptos)
367 3753 493 3806 eumque
514 3749 633 3792 secutus
651 3739 791 3791 Ernestus
810 3738 896 3792 Pl'uhl
918 3740 965 3805 (de
986 3741 1204 3792 Atheniensium

155 3823 269 3887 pompis
287 3826 378 3876 sacris
397 3837 423 3888 p.
435 3821 536 3890 wsq.)
555 3822 726 3876 Pausaniam
747 3837 780 3875 ex
799 3821 872 3874 lstro
891 3823 1016 3889 pendere
1037 3832 1164 3876 sumunt.

189 3903 245 3968 (74)
264 3918 290 3955 v.
308 3905 338 3956 E.
356 3904 452 3970 Ptuhl,
470 3905 487 3956 l.
506 3904 523 3957 l.
543 3919 569 3972 p.
584 3905 630 3959 28.
