2978 4546
504 997 634 1073 VlTA
669 998 995 1083 schPl'oRls

253 1373 376 1429 Carolus
404 1373 569 1428 Guilelmus
587 1374 729 1442 Vollgraff
754 1376 824 1428 civis
845 1375 968 1428 Batavus
996 1376 1178 1443 evangelicae
1205 1375 1270 1430 fldei

219 1467 302 1512 natus
330 1474 395 1512 sum
423 1458 552 1513 Harlemi
576 1458 650 1513 Non.
668 1458 728 1512 lun.
747 1473 771 1511 a.
788 1457 1036 1512 MDCCCLXXVI
1062 1467 1142 1526 patre
1168 1459 1274 1512 Ioanne

218 1541 429 1610 christophoro
456 1551 547 1597 matre
574 1542 752 1597 Guilelmina
769 1544 859 1596 Maria
886 1543 920 1596 de
940 1543 1007 1597 Bas.
1043 1542 1187 1596 Bruxellis
1214 1558 1271 1610 quo

218 1635 351 1693 parentes
364 1641 387 1680 a.
401 1625 671 1681 MDCCCLXXXlll
686 1626 841 1694 migrarant
853 1626 930 1679 domi
944 1626 1057 1688 doctus
1075 1640 1179 1680 mense
1191 1625 1271 1679 lunio

218 1725 242 1763 a.
261 1707 490 1762 MDCCCXCIV
508 1710 677 1763 maturitatis
696 1710 864 1763 testimonio
882 1711 1013 1777 gymnasi
1041 1709 1118 1777 quod
1137 1718 1182 1763 est
1200 1709 1271 1776 Lug-

218 1793 286 1846 duni
301 1792 473 1848 Batavorum
493 1794 651 1847 instructus
670 1801 825 1847 auctumno
844 1794 975 1847 eiusdem
996 1795 1063 1847 anni
1076 1794 1271 1847 universitatis

217 1878 325 1932 liberae
352 1877 552 1932 Bruxellensis
578 1877 649 1930 civis
677 1877 770 1931 iactus
797 1891 872 1931 sum.
917 1878 984 1932 inde
1016 1892 1118 1932 mense
1153 1875 1271 1931 Octobri

217 1976 240 2014 a.
270 1959 500 2016 MDCCCXCVI
531 1961 637 2015 almam
669 1962 828 2015 litterarum
865 1960 1083 2016 universitatem
1114 1961 1269 2029 Georgiam

218 2045 377 2113 Augustam
390 2045 612 2114 Gottingensem
627 2045 707 2113 petii;
725 2046 802 2098 unde
816 2059 919 2098 mense
932 2045 1050 2099 Octobri
1068 2045 1190 2112 proximi
1203 2046 1270 2098 anni

217 2131 282 2183 veni
302 2131 330 2184 in
350 2131 424 2183 hanc
442 2131 668 2195 universitatem,
686 2129 734 2182 ubi
754 2144 847 2197 usque
865 2130 959 2183 adhuc
972 2128 1075 2183 studiis
1089 2129 1270 2197 philologieis

215 2228 332 2281 operam
352 2213 425 2269 decli.
461 2215 621 2269 docuerunt
639 2228 686 2266 me
705 2214 732 2266 in
747 2211 903 2268 Germania
921 2214 973 2267 viri
992 2213 1144 2267 clarissimi
1165 2212 1267 2267 Busolt

215 2298 296 2351 Diels
318 2298 433 2365 Dilthey
461 2297 553 2352 Graei
578 2297 760 2352 Hirschfeldt
786 2297 888 2351 Kaibel
916 2298 1028 2351 Kekule
1052 2298 1088 2351 de
1106 2295 1266 2351 Stradonitz

214 2383 271 2435 Leo
285 2380 450 2436 Guilelmus
468 2381 569 2449 Meyer
581 2381 700 2435 Pernice
713 2381 824 2434 Roethe
837 2379 1003 2434 Guilelmus
1017 2379 1142 2433 Schulze
1154 2379 1266 2434 Vahlen

214 2464 345 2519 Wentzel
374 2466 410 2520 de
436 2467 852 2522 Wilamowitz-lllloellendorff
877 2467 995 2543 Winter.
1039 2467 1177 2521 seminari
1206 2468 1266 2535 regi

215 2548 427 2616 philologorum
458 2548 658 2618 Gottingensis
690 2560 719 2604 et
747 2552 884 2605 seminari
916 2551 1124 2619 archaeologici
1154 2549 1264 2605 Gottin-

214 2631 314 2697 gensis
342 2646 393 2699 per
419 2633 464 2686 bis
491 2647 580 2687 senos
609 2649 728 2687 menses
755 2634 864 2688 sodalis
892 2633 942 2688 lui.
985 2634 1020 2687 ad
1048 2635 1267 2689 exercitationes

215 2729 262 2767 me
288 2715 468 2769 admiserunt
486 2716 566 2769 Diels
593 2717 629 2769 de
646 2717 1053 2772 Wilamowitz-Moellendoril
1077 2718 1266 2787 philologicas

215 2798 393 2852 Hirschfeldt
414 2799 611 2868 epigraphicas
639 2801 752 2854 Kclrule
781 2800 816 2853 de
846 2799 1006 2856 Stradonitz
1035 2803 1266 2870 archaeologicas

216 2881 381 2936 Guilelmus
400 2883 500 2950 Meyer
522 2882 638 2938 Schiine
663 2885 923 2953 palaeographicas.
964 2886 1069 2954 quibus
1095 2887 1165 2940 viris
1192 2887 1267 2939 bene

215 2966 250 3020 de
278 2980 325 3019 me
352 2967 462 3021 meritis
490 2967 614 3021 debitam
642 2969 734 3022 habeo
761 2970 889 3037 gratiam,
914 2968 1079 3023 Udalricum
1106 2978 1202 3023 autem
1231 2969 1267 3022 de

215 3049 619 3104 Wilamowitz·Moellendoril
636 3066 669 3105 ea
688 3066 743 3119 qua
761 3066 812 3119 par
830 3060 874 3105 est
892 3054 1052 3106 reverentia
1072 3053 1144 3106 colo.
