2978 4546
797 342 917 451 (22)

337 514 484 584 eflicitur
515 533 603 582 voce
637 535 725 598 quae
760 528 812 583 est
844 517 964 580 domos
997 533 1066 581 nou
1090 515 1261 597 designari
1286 516 1390 581 aedes

336 646 424 709 quae
449 628 612 692 incensae
636 623 781 707 fuerant,
815 626 988 708 siquidem
1012 625 1196 691 universae
1220 626 1391 706 nequitiae

337 753 407 801 non
441 732 607 815 aedilicia,
641 734 704 800 sed
738 734 899 801 homines
933 751 1065 817 poenas
1094 733 1177 799 dare
1200 730 1391 816 oportebat.

336 844 464 910 idcirca
502 843 586 909 mihi
624 842 804 926 probabile
840 843 980 910 videtur
1022 841 1152 908 iontem
1191 839 1298 908 Ovidi
1335 840 1392 908 vel

337 954 451 1036 ipsum
485 964 623 1035 poetam
658 952 776 1019 dicere
810 951 1008 1035 neglexisse
1042 951 1137 1036 quod
1160 949 1279 1018 debuit
1302 948 1392 1015 lilios

337 1059 500 1128 iacinoris
535 1062 697 1128 conscios
731 1058 850 1128 luisse.
895 1063 950 1126 cui
978 1062 1169 1128 sententiae
1192 1059 1284 1126 aliud
1307 1076 1393 1140 quo-

336 1189 405 1253 que
428 1182 668 1253 argumentum
691 1169 895 1252 opitulatur:

379 1294 448 1343 non
482 1295 547 1345 suo
582 1278 694 1344 Marte
728 1277 896 1344 diluvium
932 1296 1011 1345 cum
1045 1279 1183 1344 interitu
1220 1274 1391 1358 Lycaonis

338 1388 518 1453 coniunxit
551 1399 663 1469 poeta.
708 1405 786 1452 nam
820 1386 913 1453 idem
947 1405 1059 1453 nexus
1094 1386 1268 1452 invenitur
1300 1383 1392 1467 apud

338 1493 621 1577 mythographos.

379 1602 460 1670 bibl.
493 1601 607 1686 Apoll.
646 1601 697 1669 Ill.
731 1607 790 1669 99.
830 1608 995 1686 Νυκτίμου
1035 1600 1096 1684 (lili
1129 1600 1302 1684 Lycaonis
1337 1603 1393 1666 cui

338 1713 403 1779 soli
437 1725 643 1796 pepercerat
673 1710 842 1796 Iuppiter)
872 1713 908 1778 δὲ
939 1710 997 1796 τὴν
1033 1712 1202 1794 βασιλείαν
1238 1710 1392 1797 παραλα-

336 1819 453 1903 βόντος
486 1819 504 1886 ὁ
538 1822 594 1887 ἐπὶ
621 1821 843 1898 Δευκαλίωνος
864 1818 1088 1905 κατακλυσμός
1115 1821 1254 1902 ἐγένετο·
1277 1816 1394 1885 τοῦτον

337 1929 418 1995 ἔνιοι
449 1926 505 1995 διὰ
536 1927 594 2014 τὴν
625 1927 674 1996 τυῖ
677 1954 695 1996 ν
715 1927 886 2006 Λυκάονος
916 1930 1047 1995 παίδων
1078 1930 1267 2010 δυσσέβειαν
1300 1932 1396 1994 alnov

337 2041 544 2122 γεγενῆσθαι.

382 2147 475 2214 idem
520 2159 664 2213 testatur
706 2145 851 2214 Servius
886 2144 964 2228 (33)
1010 2164 1074 2212 nec
1119 2159 1232 2212 tamen
1276 2145 1390 2226 ipsum

341 2253 513 2322 Ovidium
557 2257 724 2338 sequitur.
783 2256 865 2322 dicit
901 2257 994 2322 enim
1038 2254 1155 2322 lovem
1197 2252 1395 2336 Lycaonem

340 2363 483 2431 fulmine
507 2367 714 2448 peremisse,
735 2367 794 2448 qui
817 2364 910 2448 apud
933 2364 1029 2431 illum
1052 2363 1157 2447 lupus
1181 2362 1225 2430 lit.

383 2473 505 2541 eadem
564 2473 716 2557 denique
774 2472 917 2557 praebet
970 2471 1248 2556 Mythographus
1302 2470 1395 2537 Vati-

340 2601 446 2649 canus
469 2581 482 2648 l
506 2580 584 2666 (34)
618 2601 722 2665 quem
757 2601 800 2649 ne
831 2584 947 2666 ipsum
970 2582 1111 2666 quidem
1135 2579 1243 2648 Ovidi
1267 2581 1393 2647 scrinia

340 2688 513 2773 expilasse
538 2688 651 2757 efficio
686 2710 730 2758 ex
754 2693 796 2757 iis
820 2709 909 2775 quae
937 2691 1045 2758 addit:
1087 2690 1257 2774 „primum
1281 2702 1393 2756 autem

340 2798 508 2865 diluvium
542 2796 607 2864 sub
632 2796 757 2883 Ogyge
792 2816 873 2883 rege
895 2799 1143 2868 Thebanorum
1172 2802 1292 2881 extitit,
1325 2815 1395 2864 non

339 2907 404 2974 sub
438 2907 599 2991 Saturno,
634 2910 828 2976 secundum
862 2908 927 2975 sub
951 2908 1046 2991 Iove,
1079 2909 1173 2990 quod
1201 2921 1234 2972 et
1260 2906 1397 2970 Deuca·

339 3016 443 3083 lionis
488 3019 642 3086 dicitur.“
709 3018 795 3086 haec
841 3020 932 3085 enim
966 3019 1042 3082 sine
1077 3012 1314 3080 controversia
1352 3010 1394 3074 ad

339 3129 597 3209 grammaticum
621 3129 804 3210 pertinent.

382 3234 548 3302 credibile
571 3236 673 3316 igitur
706 3244 759 3298 est
782 3228 914 3296 fabulas
937 3229 981 3295 de
1005 3228 1167 3311 Lycaone
1201 3241 1234 3294 et
1257 3226 1395 3292 Deuca-

341 3342 434 3409 lione
471 3342 628 3407 diversas
664 3338 797 3420 origine
835 3350 868 3404 et
901 3339 1009 3420 patria
1047 3351 1184 3421 poetam
1222 3337 1395 3421 quendam

341 3451 423 3518 olim
461 3446 646 3532 copulasse
690 3465 841 3530 eumque
879 3447 1032 3531 dignum,
1077 3449 1175 3514 cuius
1218 3449 1396 3512 inventum

341 3554 584 3641 mythographi
600 3557 797 3639 reciperent
822 3556 879 3624 vel
903 3557 1024 3625 saltem
1040 3559 1268 3641 respicerent.
1303 3555 1397 3637 quis-

1040 3725 1246 3734 ——-.—---
1255 3725 1298 3730 ..ω-
1304 3721 1356 3728 --...-
1369 3721 1379 3724 -

375 3822 432 3890 (33)
452 3824 486 3877 ad
505 3823 590 3891 Verg.
609 3824 666 3878 Ecl.
684 3824 728 3877 Vl.
747 3825 792 3877 41.

375 3906 430 3975 (34)
452 3906 503 3961 189
522 3908 680 3961 Deucalion
699 3916 728 3961 et
746 3907 863 3976 Pyrrha.
