2978 4546
304 546 398 651 on
436 545 657 654 ovtot
697 501 1204 659 nttnoponta

492 806 877 917 QUAEsttoNEs
905 808 1003 891 sex
1085 899 1086 903 Ν
1174 779 1190 790 ”

264 1401 385 1485 Exigui
409 1400 512 1467 huius
536 1399 641 1468 libelli
666 1418 735 1467 non
766 1412 818 1466 est
852 1401 993 1466 rationis
1017 1401 1201 1467 momentis
1230 1417 1273 1466 ex

222 1513 316 1578 omni
340 1527 448 1594 opere
473 1506 581 1576 Ovidi
613 1511 727 1592 petitis
750 1508 936 1575 ostendere
960 1521 1098 1591 poetam
1121 1507 1273 1591 plerum·

221 1638 289 1704 que
313 1617 645 1702 mythographorum
680 1617 771 1684 nuda
803 1615 909 1684 verba
933 1635 1133 1684 exornasse.
1178 1617 1272 1700 quod

221 1732 250 1794 si
274 1731 351 1811 quis
375 1717 522 1803 lteroum
556 1725 721 1808 stirpibus
756 1723 1089 1808 mythographorum
1123 1727 1271 1793 maxime

223 1855 301 1903 cum
325 1833 509 1903 Ovidianis
535 1833 701 1916 stirpibus
729 1832 860 1900 collatis
894 1836 969 1901 iure
1003 1835 1172 1917 suspicari
1206 1832 1271 1900 sibi
1348 1919 1350 1923 ‚

158 1930 160 1937 ’
222 1946 319 2012 visus
342 1945 415 2026 erit,
438 1946 469 2011 ei
486 1956 522 2009 ut
538 1944 770 2009 coniecturam
794 1960 892 2008 suam
916 1941 1060 2009 stabiliat
1076 1945 1110 2008 in
1127 1943 1270 2026 singulis

220 2051 553 2136 Metamorphoseon
577 2050 829 2118 narrationibus
852 2069 994 2135 semper
1020 2052 1142 2120 eadem
1170 2070 1271 2119 revo-

221 2162 328 2230 canda
373 2175 472 2230 erunt
510 2162 544 2226 in
581 2163 820 2244 quaestionem
858 2163 1022 2244 omnique
1067 2163 1197 2228 ratione
1234 2161 1269 2227 id

221 2269 440 2339 efficiendum
457 2273 520 2338 erit
536 2283 572 2336 ut
587 2269 691 2335 simul
707 2267 888 2336 deliniatur
903 2283 1018 2336 utrum
1039 2269 1268 2337 enchiridium

220 2379 359 2463 aliquod
383 2377 705 2464 mythographicum
735 2378 924 2446 adhibitum
948 2382 992 2446 sit
1014 2399 1055 2446 an
1079 2397 1204 2463 poema
1226 2397 1268 2446 an

216 2505 305 2556 vero
328 2494 512 2571 utrumque
543 2501 576 2556 et
599 2485 808 2571 intellegenti
832 2487 960 2554 iudicio
984 2487 1162 2554 dirimatur
1185 2487 1268 2571 quid

218 2599 428 2680 incorruptis
466 2595 632 2679 lontibus,
673 2596 756 2680 quid
798 2598 926 2664 rectius
967 2595 1119 2663 versatili
1157 2598 1267 2679 ipsius

218 2704 367 2772 ludentis
390 2707 571 2787 scriptoris
592 2707 728 2786 ingenio
750 2705 970 2773 tribuendum
991 2707 1043 2772 sit.
1078 2723 1134 2772 res
1155 2707 1266 2789 magni

218 2809 364 2878 ambitus
392 2808 549 2894 prolecto
573 2823 606 2876 et
628 2812 845 2891 periculosae
873 2814 1014 2896 plenum
1042 2832 1132 2896 opus
1162 2812 1266 2881 aleae.

469 3294 529 3361 DE
562 3294 744 3363 FABVLA
775 3294 1011 3364 LYCAONIS

257 3478 590 3563 Metamorphoseon
612 3478 700 3546 libro
724 3478 736 3545 l
761 3479 813 3564 (l)
843 3479 997 3565 luppiter
1019 3483 1165 3551 deorum
1182 3502 1264 3550 con·

214 3588 292 3657 cilio
310 3601 499 3655 convocato
516 3602 629 3655 narrat
644 3607 729 3672 quas
746 3589 810 3656 sibi
823 3587 962 3672 Lycaon
974 3589 1083 3659 Arcas
1099 3596 1264 3660 struxerit

213 3697 365 3764 insidias.
411 3699 509 3764 cuius
537 3699 709 3779 impietate
738 3711 771 3764 et
796 3701 902 3765 atroci
925 3699 1059 3768 scelere
1083 3716 1262 3784 permotus

246 3925 285 3994 (l)
304 3943 345 3982 vs.
368 3932 493 3998 ldssqq.
