2978 4546
684 358 803 472 (lt)

221 537 265 604 de
288 532 455 604 Narcisso
478 530 512 603 et
534 534 629 602 Echo
652 534 801 603 fabulam
823 534 1052 621 Thespiacam
1082 552 1184 623 atque
1206 539 1277 608 Mi·

220 644 573 730 nyeidasi‘occaslone
595 646 707 715 oblata
730 647 930 731 complures
953 646 1085 718 fabulas
1104 646 1276 718 Asiaticas

221 769 399 824 narrantes
423 754 512 824 lecit.
558 770 711 825 ceterum
736 776 779 824 ne
802 759 880 842 quis
903 759 993 825 inter
1015 755 1128 825 fontes
1152 777 1277 829 neces·

219 866 405 934 situdinem
439 868 672 950 angustiorem
706 885 808 951 quam
842 884 905 950 par
933 880 992 935 est
1007 880 1158 935 statuere
1179 867 1276 953 velit,

218 975 298 1043 licet
320 978 421 1044 etiam
444 979 479 1042 in
495 975 600 1044 rebus
617 975 859 1044 minutioribus
875 977 1058 1061 singularis
1078 976 1169 1045 haud
1193 996 1275 1046 raro

219 1099 380 1153 cernatur
395 1103 600 1169 consensus,
616 1088 718 1153 etiam
734 1086 984 1170 discrepantias
1000 1088 1118 1154 inesse
1134 1103 1275 1169 moneo,

219 1213 307 1278 quae
330 1213 349 1261 e
372 1193 514 1262 libidine
529 1194 681 1262 Nasonis
704 1195 870 1262 idoneum
887 1193 1096 1278 explicatum
1119 1213 1190 1262 non
1212 1194 1275 1262 ha·

217 1300 328 1370 beant.
384 1304 506 1372 eadem
540 1302 765 1387 autemfiz'iere
802 1302 994 1371 fabularum
1027 1302 1273 1372 Thebanamm

218 1410 446 1479 conformatio
474 1416 649 1481 invenitur
681 1414 773 1498 apud
796 1412 993 1481 Diodorum
1023 1425 1056 1480 et
1082 1413 1274 1497 Hyginum,

217 1522 391 1589 interdum
425 1525 526 1590 etiam
560 1523 652 1607 apud
675 1522 853 1590 Nonnum.
896 1537 999 1606 atque
1022 1540 1216 1590 consensus
1241 1525 1272 1590 is

218 1645 270 1699 est
304 1645 340 1699 ut
364 1630 544 1716 Ovidium,
578 1632 657 1700 licet
690 1645 813 1716 poetas
836 1629 997 1700 Graecos
1031 1632 1087 1700 hic
1121 1632 1190 1699 illic
1212 1635 1273 1700 ad·

217 1740 377 1824 hibuerit,
400 1755 509 1809 totum
531 1755 645 1810 tamen
669 1755 826 1809 tenorem
850 1759 967 1808 rerum
984 1739 1271 1825 mythographico

217 1849 410 1918 enchiridio
447 1851 579 1920 debere
621 1869 753 1935 ponere
795 1869 864 1918 non
909 1848 1073 1917 dubitem.
1123 1848 1272 1918 libenter

216 1973 329 2026 autem
370 1959 536 2027 Nonnum
578 1963 660 2028 item
704 1963 817 2044 egisse
860 1959 1080 2027 crediderim.
1142 1961 1270 2027 etenim

217 2068 467 2154 discrepantias
511 2089 596 2154 quas
640 2087 745 2154 supra
790 2072 824 2136 in
868 2067 980 2136 fabula
1018 2065 1143 2136 Cadmi
1181 2065 1271 2135 Ovi-

215 2177 310 2244 dium
347 2181 437 2246 inter
477 2192 509 2246 et
545 2177 710 2245 Nonnum
754 2180 949 2246 notavimus
986 2180 1116 2262 optime
1158 2175 1269 2260 expli·

216 2289 317 2369 caris,
351 2289 380 2355 si
408 2305 526 2354 sumas
549 2301 734 2371 utrumque
757 2291 964 2372 scriptorem
988 2286 1168 2354 utilissima
1192 2304 1268 2369 my-

214 2395 487 2481 thographorum
504 2396 704 2480 enchiridia,
726 2396 852 2481 quibus
868 2398 1012 2463 traditus
1032 2409 1133 2463 tenor
1148 2413 1267 2463 rerum

214 2503 374 2572 facillime
405 2505 688 2590 cognoscebatur,
720 2509 781 2573 vix
803 2524 966 2590 umquam
1000 2507 1203 2588 seposuisse
1227 2523 1267 2572 ac

214 2631 258 2681 ne
281 2631 405 2699 magno
439 2616 579 2700 quidem
614 2630 716 2700 poeta
738 2616 867 2682 auxilio
891 2617 1058 2682 arcessito
1082 2613 1182 2698 plane
1206 2632 1267 2681 ne-

212 2722 374 2807 glexisse.

255 2847 373 2900 contra
390 2831 558 2902 Ovidium
582 2836 617 2900 in
636 2832 749 2900 fabula
765 2830 891 2900 Cadmi
915 2833 1063 2898 maxime
1087 2851 1105 2898 e
1130 2829 1267 2914 mytho·

212 2943 353 3027 graphis
375 2944 531 3027 pendere
546 2944 660 3009 visum
685 2954 737 3009 est
752 2938 894 3023 Crusio,
917 2943 975 3024 qui
999 2943 1085 3006 mira
1100 2940 1266 3007 disseruit

213 3053 257 3120 de
279 3051 414 3121 fabulae
447 3051 553 3137 ligura
576 3070 665 3137 quae
688 3053 839 3118 occurrit
871 3050 964 3133 apud
991 3047 1265 3133 mythographos

213 3165 438 3246 posteriores.
483 3180 552 3229 non
576 3164 668 3228 enim
691 3178 756 3227 suo
780 3162 891 3244 pretio
915 3157 1062 3225 fabulam
1085 3156 1265 3240 vulgarem

212 3274 394 3339 aestimare
416 3271 564 3353 videtur,
587 3289 665 3338 cum
689 3283 803 3336 tamen
822 3267 1031 3335 bibliotheca
1045 3264 1266 3350 Apollodori,

212 3383 346 3448 tametsi
368 3381 542 3448 interdum
566 3382 714 3464 tragicos
743 3392 776 3446 et
799 3380 1012 3446 recentiores
1035 3390 1155 3462 poetas
1179 3375 1263 3444 sub-

211 3503 329 3557 secuta
363 3503 430 3572 est,
463 3492 618 3574 antiquas
653 3502 686 3556 et
717 3491 884 3573 genuinas
917 3486 1109 3555 fabularum
1136 3483 1264 3568 figuras

212 3596 344 3666 referre
367 3597 486 3666 soleat.
530 3617 612 3666 ecce
645 3600 720 3683 ipsa
744 3595 851 3667 Crusi
884 3596 1006 3665 verba:
1051 3596 1107 3662 die
1128 3591 1264 3662 Ueber-

210 3705 381 3793 lieFerung
416 3727 566 3776 unserer
599 3707 878 3792 Mythographen
915 3705 995 3791 geht
1031 3703 1142 3771 durch
1175 3700 1264 3769 Ver-

211 3817 388 3902 mittelung
409 3835 602 3902 anonymer
618 3815 895 3898 ,Handbiicher“
918 3813 1007 3883 liber
1021 3810 1261 3897 Lysimachos’

211 3922 367 4013 Θηβαικά,
390 3927 593 3996 Hellanicus
610 3927 680 3993 und
696 3925 920 4009 Pherecydes
942 3921 1003 3990 auf
1021 3924 1100 4006 jene
1117 3918 1261 4004 epische
