2978 4546
666 377 785 486 (9))

257 555 349 622 idem
384 552 512 619 ibidem
552 564 764 636 reppererat,
798 551 916 634 credo,
949 570 1099 634 quorum
1133 553 1167 617 in
1197 570 1272 618 am-

217 663 378 746 plexibus
402 661 540 729 Pliades
562 663 722 729 venerint
745 661 892 728 deorum
917 658 1032 744 (216).

257 773 408 855 denique
432 783 484 838 est
507 770 706 854 exemplum
731 772 985 854 gravissimum,
1019 768 1076 835 ubi
1105 767 1269 837 conlusio

216 881 514 963 homonymorum
533 881 598 946 nisi
615 896 679 962 per
695 877 771 945 libri
788 898 902 961 usum,
919 881 978 963 qui
994 878 1086 946 idem
1102 877 1269 945 damnum

216 1001 444 1071 contraxerat,
466 1001 582 1072 aptum
608 987 815 1071 explicatum
846 1005 916 1055 non
939 987 1094 1054 admittit.
1138 989 1268 1054 etenim

217 1094 369 1164 Ovidius
392 1094 541 1180 Scyllam
565 1095 641 1163 Nisi
676 1095 777 1163 liliam
813 1115 890 1163 cum
926 1096 1030 1163 altera
1064 1095 1119 1162 illa
1142 1094 1270 1180 Scylla,

216 1224 303 1289 quae
338 1207 371 1271 in
406 1217 598 1273 monstrum
634 1207 804 1272 marinum
843 1218 968 1272 mutata
1003 1218 1070 1287 est,
1107 1217 1271 1289 quattuor

216 1313 302 1380 locis
326 1315 540 1397 permiscuit,
561 1312 724 1381 videlicet

216 1493 280 1550 Am.
301 1493 343 1548 111.
367 1496 408 1549 12.
428 1496 460 1548 21

538 1578 631 1646 Scylla
650 1579 720 1646 patri
739 1592 821 1632 caros
840 1579 931 1633 iurata
949 1579 1068 1647 capillos

458 1663 535 1729 pube
553 1663 656 1730 premit
673 1663 788 1730 rapidos
807 1662 1032 1730 inguinibusque
1050 1677 1144 1716 canes.

259 1864 327 1931 llrs
350 1883 416 1931 am.
439 1863 461 1929 l.
485 1868 566 1930 331.
604 1862 662 1930 ubi
686 1883 771 1931 suos
793 1882 919 1931 versus
943 1865 1080 1948 repetiit
1107 1876 1139 1929 et
1162 1861 1270 1929 homo

219 1975 341 2041 doctus
364 1970 535 2040 manifesti
560 1975 691 2040 erroris
715 1972 856 2040 tollendi
881 1991 983 2040 causa
1018 1973 1107 2040 duos
1141 1990 1270 2039 versus

218 2082 452 2166 interpolavit:

317 2264 375 2318 lilia
392 2277 553 2330 purpureos
573 2240 636 2318 Nisi
656 2265 746 2318 iurata
764 2264 883 2331 capillos

367 2346 456 2414 [hunc
474 2349 588 2402 hostem
608 2349 713 2416 patitur
735 2363 799 2402 cum
819 2349 938 2416 reliquis
957 2349 1066 2401 avibus.

316 2432 405 2485 altera
423 2430 518 2499 Scylla
536 2445 643 2485 novum
662 2430 763 2487 Circes
782 2431 974 2485 medicamine
992 2429 1167 2497 monstrum]

367 2516 443 2582 pube
460 2516 564 2583 premit
582 2516 697 2583 rapidos
716 2515 941 2584 inguinibusque
960 2529 1056 2569 canes.

217 2649 297 2702 Rem.
310 2662 365 2702 am.
376 2648 431 2703 737
467 2650 618 2716 praeterita
637 2658 737 2703 cautus
757 2648 876 2702 Niseide
895 2649 989 2702 navita
1007 2649 1110 2715 gaudet

218 2756 426 2811 Fast.1V.500
561 2758 669 2824 Nisaei,
687 2758 825 2826 naulraga
844 2768 981 2824 monstra,
1000 2771 1095 2810 canes.

260 2970 375 3033 nemo,
408 2965 459 3018 sat
494 2954 579 3034 scio,
612 2949 710 3018 facile
734 2952 967 3036 suspicabitur
999 2954 1064 3018 iam
1089 2948 1268 3019 Graecum

217 3074 354 3145 poetam
378 3074 455 3128 ante
473 3058 642 3129 Ovidium
667 3060 731 3128 tale
755 3061 838 3145 quid
862 3079 1027 3144 novasse3
1052 3079 1129 3128 nam
1154 3079 1269 3142 neque

217 3170 309 3253 apud
343 3184 463 3254 poetas
487 3189 600 3254 neque
624 3170 715 3254 apud
739 3168 1011 3253 myrhographos
1045 3169 1152 3236 ullum
1175 3167 1270 3235 aliud

217 3293 284 3345 tam
321 3280 429 3346 mirae
473 3277 689 3346 confusionis
735 3291 825 3345 extat
863 3279 1110 3346 documentum
1154 3288 1269 3361 neque

216 3386 361 3454 Tzetzac
386 3391 419 3454 in
443 3387 565 3454 talibus
600 3387 704 3453 rebus
728 3386 795 3452 ulla
829 3400 881 3453 est
903 3391 1098 3469 auctoritas,
1131 3388 1188 3469 qui
1223 3386 1269 3453 de

217 3494 330 3578 Scylla
355 3509 511 3562 monstro
535 3496 668 3560 marino
692 3495 866 3562 adnotavit
890 3494 1008 3579 (217):

348 3615 421 3682 κατ’
443 3619 498 3701 ἐμὲ
520 3616 666 3707 θυγάτηρ
687 3618 725 3704 ἦν
747 3627 850 3686 Νίσου
872 3628 929 3687 τοῦ
953 3625 1135 3706 Μεγαρέως.

252 3851 326 3918 (216)
346 3853 417 3907 Fast.
438 3853 484 3907 lV.
506 3853 557 3907 172
569 3869 632 3922 sqq.

252 3934 326 4003 (217)
344 3937 378 3989 ad
397 3936 462 4004 Lyc.
479 3936 541 3991 650.
