2978 4546
684 355 804 462 (ll)

215 528 346 612 legerit.
390 546 491 611 quam
526 530 730 595 sententiam
766 544 879 610 neque
904 522 1056 593 Crusius
1080 525 1270 593 rationibus

216 635 363 703 firmavit
396 654 510 720 neque
544 652 623 719 ego,
643 653 701 702 res
726 634 878 702 occultas
912 653 950 701 ac
974 636 1112 718 penitus
1139 633 1270 703 abditas

216 749 331 813 animo
364 745 487 812 videre
522 762 680 828 possum.
736 745 831 829 quod
863 760 949 810 vero
984 744 1076 811 idem
1101 741 1269 813 Ovidium

215 853 353 929 Metam.
377 852 434 921 lV.
463 857 532 920 584
567 852 742 938 Euripidis
776 871 968 920 memorem
1004 871 1043 920 se
1083 854 1269 928 ostendere

215 966 364 1048 scripsit,
398 961 534 1029 fallitur.
588 960 870 1029 Wllamowitzius
906 959 1008 1044 (146)
1042 963 1134 1028 enim
1169 963 1288 1039 evicit,

216 1071 444 1155 fragmentum
468 1069 694 1155 Euripideum
720 1069 822 1154 (147)
859 1071 904 1138 de
938 1087 1008 1154 quo
1034 1072 1144 1154 agitur
1166 1073 1271 1155 perti·

217 1198 302 1247 nere
325 1180 367 1247 ad
390 1178 637 1247 Erechtheum.

258 1314 382 1365 verum
415 1297 460 1365 de
483 1299 679 1364 narratione
703 1295 875 1364 Ovidiana
910 1297 1087 1365 hactenus.
1135 1301 1201 1365 iam
1225 1298 1269 1366 de

216 1404 321 1474 rebus
344 1404 519 1474 Thebanis
553 1404 826 1490 mythographos
855 1408 1091 1490 inspiciamus,
1124 1409 1153 1473 si
1187 1407 1269 1491 quid

215 1517 323 1583 exiis
347 1515 391 1583 de
414 1513 566 1587 lontibus
591 1512 698 1582 Ovidi
722 1515 858 1582 discere
882 1517 1069 1598 possimus.

257 1632 315 1715 qui
349 1633 440 1699 inter
462 1629 631 1698 Ovidium
664 1644 697 1697 et
730 1629 972 1698 bibliothecam
995 1629 1202 1714 Apollodori
1237 1645 1270 1698 et

216 1739 299 1805 alias
321 1755 577 1823 saepenumero
595 1738 776 1805 intercedit
800 1751 999 1820 concentus,
1022 1736 1114 1805 haud
1137 1741 1211 1805 scio
1227 1758 1269 1806 an

217 1865 387 1932 nusquam
422 1849 528 1930 magis
562 1846 684 1914 oculos
708 1844 806 1912 feriat
829 1864 930 1930 quam
964 1847 998 1912 in
1033 1845 1156 1913 fabulis
1178 1845 1270 1915 The·

218 1955 327 2024 banis.
372 1974 450 2023 nam
474 1969 509 2022 ut
532 1968 667 2040 raptum
690 1953 850 2039 Europae
873 1954 1010 2023 Thebas
1034 1956 1190 2023 conditas
1213 1975 1270 2023 or-

216 2079 288 2132 tum
304 2062 507 2149 Spartorum
524 2065 687 2145 omittam,
710 2065 849 2147 nuptiae
865 2061 990 2131 Cadmi
1007 2077 1040 2130 et
1056 2063 1269 2133 Harmoniae

218 2172 353 2241 fabulae
368 2172 553 2240 Actaeonis
569 2156 726 2240 Semeles
742 2171 886 2240 Penthei
909 2170 1024 2239 Liberi
1048 2191 1126 2240 cum
1150 2177 1268 2257 piratis

217 2281 297 2350 Inus
331 2295 365 2350 et
386 2281 587 2350 Melicertae
610 2278 735 2350 Cadmi
770 2281 921 2366 denique
945 2283 1136 2366 uxorisque
1164 2296 1269 2351 meta·

216 2389 426 2475 morphoses
448 2391 540 2474 apud
563 2403 748 2475 utrumque
770 2391 977 2473 scriptorem
1011 2393 1055 2457 ita
1078 2405 1268 2476 narrantur,

217 2512 252 2565 ut
274 2501 308 2566 in
332 2501 450 2583 aprico
473 2502 517 2566 sit
539 2500 708 2566 ambobus
724 2499 872 2566 subesse
889 2497 1019 2566 iontem
1036 2517 1268 2568 communem.

216 2606 347 2674 scilicet
379 2610 506 2691 stirpes
540 2607 685 2676 heroum
719 2608 811 2690 apud
835 2621 1020 2690 utrumque
1043 2610 1186 2676 eaedem
1210 2628 1268 2675 oc-

218 2729 359 2782 currunt
392 2728 553 2799 totusque
587 2714 660 2783 iere
683 2717 913 2800 expositionis
946 2729 1047 2783 tenor
1080 2717 1171 2785 idem
1206 2732 1267 2785 est.

217 2825 376 2892 ordinem
410 2842 560 2908 quoque,
594 2843 663 2908 quo
697 2824 881 2909 utrobique
915 2823 1049 2893 fabulae
1077 2839 1267 2910 narrantur,

217 2947 253 2999 ut
276 2949 346 3000 non
369 2951 515 3018 prorsus
538 2934 699 3017 eundem,
732 2936 783 3001 sic
805 2933 1018 3001 simillimum
1042 2949 1153 3002 tamen
1187 2953 1267 3003 esse

216 3055 368 3126 apparet.
412 3042 507 3109 velut
522 3042 614 3126 apud
630 3056 815 3126 utrumque
832 3042 1124 3128 metamorphosis
1141 3041 1266 3112 Cadmi

216 3165 250 3219 et
286 3150 500 3219 Harmoniae
537 3154 696 3236 sequitur
732 3150 863 3218 fabulas
901 3150 1047 3219 liliarum
1084 3166 1267 3235 nepotum-

216 3277 283 3345 que
305 3257 419 3343 (148).
463 3278 670 3345 quamquam
694 3257 846 3327 Ovidius
870 3278 936 3327 suo
959 3258 1099 3328 arbitrio
1122 3263 1267 3329 inseruit

215 3452 236 3456 ..
246 3449 688 3457 -——-—-—-——--—-—.-—

247 3561 323 3630 (146)
342 3577 395 3617 aus
414 3561 564 3630 Kydathen
584 3577 610 3631 p.
632 3564 691 3617 141.
708 3564 745 3617 63
763 3572 791 3617 et
808 3578 835 3631 p.
852 3563 915 3618 228.

248 3653 324 3721 (147)
342 3664 411 3726 trag.
430 3657 484 3711 inc.
504 3655 557 3725 lrg.
573 3656 627 3710 930
645 3657 753 3712 Nauck.

248 3744 321 3811 (148)
349 3749 424 3816 apud
444 3749 590 3818 Hyginum
618 3761 734 3816 quoque
759 3751 1003 3819 metamorphosis
1022 3749 1124 3805 Cadmi
1150 3751 1218 3820 (lab.
1236 3750 1264 3815 d)

216 3830 319 3897 legitur
336 3840 403 3898 post
421 3830 547 3888 fabulam
566 3833 602 3886 de
619 3831 670 3886 lno
688 3840 716 3886 et
732 3829 881 3888 Melicerte
899 3833 968 3901 (lab.
985 3833 1022 3900 5),
1040 3848 1114 3901 quae
1132 3836 1216 3888 etiam
1235 3836 1263 3889 in

216 3911 332 3966 Metam.
350 3915 430 3968 libris
449 3916 556 3970 exitum
576 3914 677 3970 Cadmi
697 3917 827 3984 proxime
844 3918 994 3973 antecedit.

1031 4019 1049 4070 5
