2978 4546
763 341 881 449 (⁴⁶)

297 517 508 599 argumentis
541 528 612 581 tum
647 533 666 582 e
699 514 852 581 Luciano
875 511 1031 599 Sulpicio
1053 513 1209 583 Maximo
1233 514 1350 582 Philo·

296 638 402 692 strato
440 624 664 709 sarcophagis
702 622 878 691 nonnullis
916 621 994 706 (93)
1031 636 1103 690 tum
1142 626 1292 691 maxime
1330 644 1349 692 e

296 732 413 801 Nonni
435 733 599 802 versibus
634 737 790 819 repetitis
813 753 892 809 cum
917 731 1103 802 Ovidianis
1137 733 1216 818 plus
1239 735 1348 802 semel

297 843 604 911 consentientibus.
643 847 758 929 itaque
775 843 869 928 quod
885 845 919 910 in
935 842 998 911 hac
1022 845 1225 927 quaestione
1248 858 1350 927 caput

296 951 493 1019 habendum
519 966 581 1036 est,
614 952 649 1019 id
673 952 873 1020 iamdudum
898 954 1049 1037 positum
1073 966 1126 1020 est
1147 966 1243 1020 extra
1267 971 1350 1021 con·

297 1062 518 1128 troversiam:
536 1061 579 1127 de
591 1061 735 1144 singulis
748 1059 853 1127 rebus
866 1058 991 1143 ambigi
1003 1073 1127 1144 potest.
1150 1072 1182 1126 at
1197 1061 1348 1142 primum

297 1172 451 1237 omnium
485 1170 650 1237 indicium
684 1168 809 1237 afferre
843 1168 926 1236 mihi
961 1168 1071 1252 liceat,
1103 1188 1173 1254 quo
1196 1167 1348 1237 Knaaclti

297 1280 465 1346 sententia
495 1278 539 1346 de
569 1277 663 1347 lonte
690 1279 866 1345 communi
893 1275 1002 1345 Ovidi
1026 1291 1059 1344 et
1084 1274 1201 1344 Nonni
1225 1276 1349 1344 confir-

297 1401 419 1454 metur.
457 1406 664 1472 quamquam
689 1384 951 1454 confirmatione
975 1405 1044 1453 non
1068 1399 1155 1470 eget.

338 1511 487 1580 Nonnus
511 1513 644 1580 caelum
662 1515 695 1578 in
711 1525 846 1597 septem
862 1531 979 1595 zonas,
1002 1530 1072 1579 non
1096 1526 1132 1578 ut
1154 1512 1236 1580 olim
1258 1512 1350 1579 sole-

299 1621 388 1705 bant,
410 1624 444 1688 in
468 1625 622 1706 quinque
646 1641 723 1689 cum
747 1621 826 1688 alibi
850 1623 978 1706 passim
1004 1621 1183 1689 describit:

447 1804 552 1872 Dion.
575 1805 598 1872 l.
626 1812 690 1872 145
736 1793 841 1882 etto,
863 1804 1045 1882 ἑπτάζωνος

567 1913 607 1980 V.
631 1919 676 1981 65
742 1910 883 2001 οὐρανόν
905 1910 1088 1991 intuatur

552 2021 608 2089 VI.
632 2027 701 2089 334
746 2019 829 2114 ζώνῃ
850 2020 883 2088 d'
906 2020 1064 2114 ἑβδομάτῃ

297 2261 367 2315 tunt
402 2251 435 2315 in
470 2247 582 2316 fabula
605 2248 829 2316 Phaethontis
859 2249 1046 2317 identidem
1082 2248 1145 2316 hac
1174 2251 1347 2317 divisione

296 2359 416 2423 utitur:

296 2539 400 2608 Dion.
423 2539 602 2608 XXXVIII.
630 2545 695 2608 115
740 2544 875 2625 αἰθέρος
895 2537 1081 2618 ἑπτάζωνον
1103 2545 1175 2607 ἴτυν

625 2653 697 2715 229
741 2647 839 2734 ζώνης
860 2645 1036 2733 ἑβδομάτης

626 2762 696 2825 312
741 2755 826 2822 ἑπτὰ
847 2760 921 2844 περὶ
942 2755 1058 2834 ζώναις

626 2869 692 2931 381
740 2861 882 2952 οὐρανὸν
903 2863 1088 2942 ἕπτάζωνον

327 3141 385 3208 (93)
405 3142 603 3195 monumentis
621 3140 745 3194 accessit
757 3139 850 3195 lorma
864 3141 957 3195 musei
975 3141 1179 3196 Bostoniensis
1194 3140 1348 3208 eflgulinis

293 3225 431 3291 Aretinis,
448 3225 484 3279 de
497 3239 554 3292 qua
571 3225 620 3279 clr.
634 3223 806 3292 Hartwigius
826 3224 926 3278 Philol.
947 3225 1016 3279 1899
1034 3240 1060 3293 p.
1073 3225 1124 3278 481
1137 3238 1200 3293 sqq.
1219 3224 1267 3292 qui
1285 3237 1348 3292 pro·

293 3309 424 3363 habiliter
442 3309 540 3363 statuit
559 3308 681 3362 lormam
697 3308 782 3362 Ovidi
802 3307 863 3362 lere
879 3316 971 3363 aetate
990 3308 1093 3363 factam
1108 3323 1183 3374 esse,
1201 3308 1348 3376 exemplar

293 3401 388 3447 autem
415 3393 508 3446 luisse
535 3407 609 3460 opus
636 3393 776 3446 caelatum
803 3394 903 3448 aetatis
929 3392 1136 3448 hellenisticae.
1172 3393 1349 3460 conspicitur

294 3476 441 3531 Phaethon
468 3485 561 3530 terrae
587 3476 725 3544 afflictus,
750 3477 877 3548 luppiter
900 3476 1037 3545 fulmine,
1059 3477 1151 3532 Diana
1173 3477 1284 3544 sagittis
1306 3490 1347 3530 ar·

293 3569 377 3626 mata,
396 3559 505 3628 Tethys
522 3558 558 3626 (v.
571 3559 665 3614 Valet.
683 3558 773 3616 Flacc.
784 3560 819 3614 V.
830 3561 896 3628 4³1)
914 3571 991 3617 rotas
1010 3562 1168 3629 dispersas,
1185 3558 1235 3615 Sol
1254 3574 1347 3628 equos

293 3652 425 3699 amentes
444 3645 594 3712 colligens,
612 3645 750 3700 Heliades
768 3647 797 3701 in
815 3647 934 3700 arbores
952 3654 1085 3700 mutatae.
1112 3654 1207 3699 utrum
1227 3658 1347 3712 eaquae

294 3728 388 3783 forma
400 3728 518 3783 hretina
535 3728 617 3797 plura
634 3730 721 3784 habet
738 3744 824 3798 quam
838 3729 961 3784 Ovidius
979 3739 1008 3784 et
1020 3728 1154 3797 Nonnus,
1171 3730 1345 3798 quibuscum

293 3813 366 3867 mire
383 3813 536 3881 consentit,
554 3813 712 3868 debeantur
730 3813 877 3868 communi
897 3812 969 3869 lonti
982 3813 1176 3868 Alexandrino
1195 3827 1288 3868 necne
1306 3813 1346 3867 di·

293 3897 419 3952 iudicare
438 3912 496 3953 non
515 3911 682 3968 possumus.
