2978 4546
683 347 801 455 (ll)

215 522 332 606 pidem
357 521 521 606 neglectis
555 523 596 588 iis
620 540 709 607 quae
731 520 814 589 olim
848 523 882 589 in
906 512 1062 591 Hercule
1086 508 1270 599 cecinisset

214 628 361 700 Martem
384 633 451 699 iam
478 648 549 699 non
573 630 682 699 modo*
701 629 779 698 loco
803 632 968 714 movisse,
1002 630 1067 700 sed
1100 633 1201 700 etiam
1234 633 1269 699 in

216 742 404 809 contrarius
438 754 555 825 partes
588 739 685 808 abire
708 741 865 822 iussisse,
897 739 986 808 adeo
1011 754 1046 809 ut
1068 754 1268 825 serpentem

214 849 376 917 Martium
411 847 541 918 laceret
565 846 679 933 (177),
712 866 752 916 ac
775 861 913 917 netum
947 850 1088 935 quidem
1110 848 1269 941 pluribus

213 957 331 1026 verbis
355 957 496 1042 dignum
520 971 662 1042 putasse
677 970 796 1042 utpote
813 958 917 1027 deum
941 961 1000 1043 qui
1020 959 1113 1044 apud
1128 957 1271 1027 Atheni-

215 1085 328 1136 enses
354 1084 424 1135 non
448 1066 556 1135 multo
580 1066 714 1135 honore
738 1065 923 1136 frueretur.
967 1068 1062 1153 quod
1089 1066 1173 1137 mihi
1195 1070 1271 1152 qui·

215 1175 295 1244 dem
318 1193 389 1244 non
405 1178 589 1260 persuasit,
613 1194 692 1244 cum
708 1189 741 1244 et
757 1189 890 1245 temere
905 1189 1019 1246 sumat
1033 1176 1126 1262 apud
1140 1175 1271 1244 Phere-

215 1283 340 1368 cydem
363 1298 397 1352 et
419 1283 640 1353 Hellanicum
662 1285 810 1354 Martem
834 1306 852 1353 a
876 1285 1030 1372 partibus
1054 1283 1180 1355 Cadmi
1203 1299 1271 1354 ste·

217 1395 301 1460 tisse
320 1406 357 1461 ¹et
380 1397 523 1462 omnino
539 1395 779 1478 quaestionem
803 1392 1060 1480 angustioribus
1083 1412 1185 1479 quam
1208 1413 1272 1480 par

214 1516 286 1570 erat
308 1499 434 1571 finibus
451 1502 722 1572 circumscribat
759 1504 885 1588 quodsi
909 1503 1172 1572 consideramus
1188 1517 1272 1588 quot

213 1614 404 1697 scriptores
418 1626 557 1698 praeter
572 1630 703 1698 paucos
719 1612 807 1696 illos,
823 1630 973 1698 quorum
987 1615 1114 1696 scripta
1126 1625 1270 1680 aetatem

215 1719 375 1805 tulerunt,
399 1719 527 1791 Cadmi
543 1719 692 1789 fabulam
713 1720 906 1790 illustrasse
930 1732 1202 1789 consentaneum
1218 1723 1271 1803 sit,

216 1829 299 1914 quid
323 1842 376 1898 est
399 1849 462 1898 cur
482 1829 686 1914 Euripidem
710 1828 778 1897 hoc
800 1831 979 1898 invenisse
1002 1828 1272 1898 existimemus?

215 1956 298 2006 sane
321 1941 351 2006 si
375 1941 453 2024 quis
477 1939 567 2007 dicat
589 1938 791 2024 Euripidem
815 1938 901 2008 haec
924 1940 1040 2008 omnia
1063 1939 1184 2008 tradita
1217 1957 1273 2006 ac·

216 2049 366 2132 cepisse,
388 2050 423 2115 in
439 2066 574 2116 summa
591 2050 870 2117 testimoniorum
887 2051 1032 2134 penuria
1055 2067 1099 2116 ne
1114 2048 1182 2116 hoc
1198 2049 1273 2133 qui·

216 2155 296 2223 dem
320 2156 562 2226 demonstrare
577 2160 712 2243 poterit.
758 2157 841 2243 quid
864 2157 976 2243 ergo?
1020 2176 1059 2225 ea
1082 2174 1272 2242 sequamur

215 2284 304 2350 quae
327 2264 517 2351 probabilia
541 2285 621 2334 esse
643 2267 815 2335 videntur.
845 2284 909 2352 ego
926 2266 1046 2335 saltem
1063 2284 1271 2351 quamquam

215 2374 326 2460 probe
359 2378 433 2444 scio
468 2395 570 2462 quam
599 2376 745 2446 licenter
770 2380 927 2468 antiquas
960 2375 1093 2444 fabulas
1127 2388 1272 2443 tractare

215 2483 325 2553 soleat
346 2484 542 2570 Euripides,
576 2485 788 2570 ubicumque
821 2504 880 2553 eas
913 2484 957 2552 ad
990 2483 1076 2551 lines
1110 2502 1195 2551 suos
1218 2502 1273 2550 ac·

217 2592 441 2660 commodare
463 2592 558 2675 velit,
580 2595 727 2661 mirarer
759 2595 788 2658 si
823 2595 856 2659 in
880 2592 947 2658 hoc
971 2594 1104 2659 cantico
1128 2609 1273 2676 compo·

218 2699 334 2768 nendo
358 2700 513 2768 traditam
538 2698 686 2769 fabulam
710 2703 786 2768 sine
820 2699 887 2767 ulla
916 2702 1121 2767 necessitate
1148 2702 1273 2768 immu-

218 2820 332 2876 tasset.
365 2821 579 2894 quapropter
601 2812 630 2875 si
653 2808 861 2894 Apollonius
885 2807 1042 2876 Rhodius
1065 2807 1272 2877 bibliotheca

218 2915 424 3001 Apollodori
448 2915 601 2986 Ovidius
624 2917 774 2985 Nonnus
797 2936 876 2985 cum
899 2917 1064 3001 Euripide
1087 2917 1131 2985 de
1151 2917 1272 2986 Martis

218 3040 251 3095 et
266 3017 448 3096 Minervae
464 3026 619 3112 partibus
635 3027 851 3113 aliquatenus
874 3028 1103 3109 consentiunt,
1127 3026 1221 3108 inde,
1243 3028 1272 3093 si

218 3154 274 3203 me
296 3135 407 3218 audis,
430 3153 509 3204 cum
526 3133 676 3221 Spirone
700 3135 911 3204 concludere
935 3155 1005 3203 non
1028 3135 1108 3202 licet
1130 3153 1193 3203 eos
1208 3133 1273 3202 hac

220 3257 377 3329 exparte
401 3263 445 3312 ex
467 3244 634 3330 Euripide
657 3245 826 3330 pendere.
870 3245 956 3313 haec
979 3258 1093 3312 autem
1116 3244 1160 3311 de
1176 3242 1274 3311 Euri·

218 3351 309 3436 pidis
332 3365 365 3420 et
388 3351 547 3438 Spironis
570 3357 739 3423 sententia
763 3353 864 3423 nobis
887 3352 1068 3422 sufficiant.

261 3474 366 3529 restat
393 3474 430 3528 ut
452 3461 604 3530 Eduardi
632 3462 820 3534 Schwartzi
848 3460 1085 3548 Quaestiones
1109 3461 1274 3530 Herodo-

219 3582 290 3637 teas
314 3567 417 3654 (178)
452 3587 725 3639 commemorem
749 3571 808 3640 ubl
840 3573 1055 3657 gravissimis
1086 3571 1271 3639 momentis

253 3816 326 3885 (177)
346 3818 454 3874 Phoen.
471 3819 526 3873 057
544 3819 656 3891 δράκων
668 3819 781 3893 ”Apron

253 3905 329 3975 (178)
348 3909 404 3964 ind.
423 3911 487 3965 leot.
506 3910 641 3966 Rostnch.
661 3910 739 3965 1800.
