2978 4546
634 360 754 468 (⁴¹)

170 534 290 601 sedin
314 548 443 602 textum
472 533 561 601 male
588 535 767 601 insertum.
816 545 849 600 et
871 532 1121 600 Laurentianus
1148 535 1222 617 qui-

172 643 251 709 dem
275 645 332 709 ita:

395 827 468 880 victa
487 825 585 879 labore
605 822 701 891 fugae,
717 822 825 889 Tellus,
843 824 890 891 ait,
908 823 988 878 hisce
1005 823 1052 877 vel
1071 824 1154 878 istam

396 924 470 978 quae
490 907 558 963 iacit
575 915 606 961 ut
625 907 721 961 laedar
738 908 876 961 mutando
894 907 983 974 perde
1000 906 1128 974 figuram,

398 1007 454 1060 qua
472 992 592 1045 nimium
612 991 705 1058 placui
724 999 919 1058 spectansque
935 990 1077 1044 Peneidos
1096 992 1188 1046 undas

396 1077 439 1129 fer
456 1085 544 1142 pater,
563 1075 663 1142 inquit,
681 1089 778 1142 opem,
796 1076 820 1128 si
839 1075 957 1128 flumina
975 1088 1083 1128 numen
1102 1076 1222 1129 habetis.

213 1278 360 1346 similem
385 1278 639 1345 contaminandi
663 1280 831 1345 rationem
854 1276 1107 1360 Amplonianus
1135 1278 1223 1346 liber

171 1389 337 1471 prodidit:

395 1574 469 1629 victa
488 1574 584 1628 labore
604 1573 688 1643 fugae
706 1580 842 1641 spectans
861 1571 1003 1625 Peneidos
1022 1571 1114 1626 undas

397 1657 442 1712 ier
459 1666 547 1726 pater,
564 1659 666 1726 inquit,
684 1672 778 1724 opem,
796 1656 821 1709 si
840 1655 959 1709 flumina
976 1668 1084 1708 numen
1103 1655 1222 1709 habetis.

396 1756 453 1810 qua
470 1741 592 1795 nimium
611 1741 715 1808 placui,
731 1740 838 1806 Tellus,
857 1739 902 1805 ait,
921 1738 1002 1792 hisce
1020 1737 1066 1791 vel
1084 1738 1179 1802 istam,

397 1838 471 1892 quae
490 1823 558 1879 iacit
575 1830 607 1877 ut
623 1824 728 1890 laedar,
746 1822 884 1877 mutando
902 1821 991 1889 perde
1008 1821 1136 1889 figuram.

215 2054 399 2127 utrumque
422 2061 551 2110 numen
568 2043 810 2110 intercessisse
833 2043 947 2126 inepta
964 2043 1122 2126 cogitatio
1140 2042 1220 2108 est.“

215 2152 298 2234 quid
321 2151 452 2219 mults?
487 2152 573 2219 vidit
595 2151 768 2220 Maassius
791 2164 824 2218 et
847 2152 1055 2218 coniecturis
1078 2167 1223 2235 parcen-

172 2261 254 2329 dum
278 2280 357 2329 esse
380 2280 495 2346 neque
528 2280 603 2329 eam
628 2259 798 2329 medelam
823 2261 953 2345 requiri
988 2272 1024 2325 ut
1045 2257 1222 2345 superflua

172 2371 421 2454 reciderentur,
455 2373 562 2438 immo
597 2373 710 2454 ipsum
745 2382 883 2455 poetam
917 2368 971 2435 bis
998 2367 1114 2436 locum
1138 2380 1225 2435 trac-

172 2493 273 2563 tasse,
306 2477 415 2547 semel
442 2479 571 2563 Peneo,
604 2479 714 2546 semei
737 2476 877 2546 Tellure
911 2480 1078 2544 invocata.
1115 2478 1226 2561 scrip-

172 2590 256 2655 serit
278 2590 379 2672 igitur
401 2604 434 2655 et
457 2589 522 2656 hos
544 2607 670 2655 versus
694 2606 782 2671 quos
807 2589 953 2654 restituit
976 2585 1166 2671 Hauptius:

396 2803 471 2857 victa
488 2803 586 2857 labore
605 2802 691 2871 fugae
710 2809 845 2870 spectans
865 2803 1005 2857 Peneidas
1024 2803 1117 2857 undas

398 2884 443 2941 ier
460 2894 549 2953 pater,
566 2886 666 2954 inquit,
684 2901 781 2954 opem,
799 2887 824 2940 si
837 2887 954 2941 flumina
973 2901 1081 2941 numen
1099 2886 1226 2952 habetis3

397 2983 453 3037 qua
472 2969 594 3024 nimium
612 2970 715 3037 placui,
734 2970 871 3023 mutando
890 2970 979 3036 perde
997 2969 1125 3037 figuram.

213 3189 334 3256 ethos
357 3207 446 3274 quos
470 3187 586 3256 elicuit
608 3187 796 3255 Maassius:

396 3405 470 3457 victa
488 3404 586 3458 labore
605 3401 699 3471 fugae,
716 3400 825 3464 Tellus,
843 3403 889 3469 ait,
907 3401 989 3455 hisce
1006 3402 1052 3455 vel
1071 3402 1155 3456 istam

397 3501 471 3555 quae
491 3486 558 3541 iacit
575 3495 606 3541 ut
624 3487 729 3551 laedar,
747 3486 884 3540 mutando
902 3487 991 3554 perde
1009 3485 1137 3554 figuram.

214 3690 356 3757 dubium
392 3703 444 3757 est
466 3691 579 3757 sintne
602 3688 818 3757 hemistichia
851 3712 919 3773 qua
947 3689 1089 3754 nimium
1104 3689 1226 3774 placui

172 3814 273 3882 atque
296 3820 381 3883 quae
399 3799 488 3882 facit
510 3806 547 3863 ot
568 3799 689 3864 laedar·
711 3800 762 3866 sic
785 3812 879 3866 recte
903 3796 1069 3866 collocata
1085 3815 1127 3864 an
1144 3813 1225 3879 per-

174 3909 334 3975 mutanda
368 3909 456 3975 inter
489 3925 538 3975 se.
582 3908 645 3974 sed
678 3907 746 3975 hoc
779 3907 862 3974 nihil
895 3908 938 3975 ad
962 3924 1048 3974 rem.
1092 3918 1226 3972 constat
