2978 4546
678 321 797 426 (lit

216 498 436 581 cognoscitur
459 514 503 563 ex
526 494 667 562 oraculo
688 492 824 563 Cadmo
848 493 995 578 Delphis
1018 495 1108 562 dato.
1141 494 1271 562 deinde

217 606 385 691 quaedam
419 604 464 672 de
486 603 551 672 hac
577 601 689 672 labula
712 602 953 687 Pherecydem
978 601 1080 687 (164)
1105 604 1272 672 docuisse

216 716 444 800 cognovimus
466 731 555 797 quae
571 712 747 780 nonnullis
770 712 984 797 placuerunt,
1006 729 1077 780 non
1097 711 1271 780 omnibus.

217 825 437 893 consentiunt
460 841 538 890 cum
554 821 760 907 Pherecyde
777 822 979 891 Hellanicus
997 819 1100 905 (165)
1124 835 1157 890 et
1172 820 1273 890 Euri-

218 935 318 1019 pides
342 931 445 1016 (166)
480 932 525 1000 de
558 932 713 1017 partibus
746 931 848 1000 Marti
882 931 1028 1014 tributis,
1061 930 1272 1016 Apollonius
1356 957 1359 961 ’

217 1043 375 1112 Rhodius
400 1042 503 1127 (167)
527 1044 571 1112 66
594 1043 756 1111 dentibus
779 1046 869 1111 inter
890 1042 1023 1111 Aeeten
1047 1056 1080 1111 et
1095 1040 1272 1112 Cadmum

217 1154 349 1221 divisis.
393 1155 584 1236 primusne‚
618 1155 766 1238 quaeris,
799 1151 1025 1236 Pherecydes
1057 1151 1113 1220 hic
1136 1149 1273 1221 fabulae

217 1261 349 1330 insonis
383 1264 551 1330 rationem
585 1260 730 1330 habuit?
777 1264 907 1330 nescio.
956 1274 1102 1332 attamen
1136 1260 1203 1330 hoc
1236 1263 1272 1328 in

217 1371 281 1439 hac
305 1370 417 1439 labula
440 1370 624 1457 aliquando
658 1370 902 1455 interpolatum
930 1389 1010 1439 esse
1033 1384 1134 1455 patet.
1178 1371 1273 1455 apud

218 1479 405 1549 Pindarum
429 1495 462 1549 et
484 1479 708 1565 Sophoclem,
741 1481 820 1548 licet
843 1478 1017 1550 Cadmum
1041 1497 1157 1565 regem
1181 1479 1274 1549 The-

217 1588 339 1658 barum
372 1603 406 1657 et
428 1587 631 1674 Spartorum
654 1591 823 1657 victorem
858 1592 1029 1671 noverint,
1062 1591 1155 1658 idem
1188 1603 1274 1657 tam-

219 1716 320 1783 quam
344 1697 450 1766 lrater
471 1696 632 1783 Europae
656 1716 725 1765 non
749 1699 932 1767 inducitur.
970 1711 1088 1783 raptus
1111 1697 1273 1784 Europae

218 1807 260 1876 ab
284 1811 358 1893 ipsa
382 1807 583 1876 narrabatur
603 1812 637 1876 in
653 1808 819 1893 Aeschyli
843 1807 966 1891 fabula,
990 1811 1044 1876 cui
1068 1811 1273 1893 inscriptum

220 1932 292 1987 erat
314 1918 453 2003 Europa
476 1922 551 1987 sive
575 1917 688 1989 Cares
713 1917 827 2002 (168).
872 1932 924 1986 est
951 1921 1052 1987 etiam
1075 1932 1192 2004 patera
1215 1917 1275 1986 lic·

220 2027 287 2095 tilis
310 2027 420 2095 Attica
444 2025 547 2111 (169)
572 2030 700 2112 prioris
724 2030 829 2111 partis
853 2028 981 2095 saeculi
1016 2029 1125 2112 quinti
1148 2029 1182 2095 in
1206 2046 1273 2112 qua

217 2136 391 2220 Europam
415 2149 513 2204 tauro
543 2139 661 2204 divino
687 2150 821 2204 vectam
850 2139 961 2220 pictor
987 2139 1271 2221 repraesentavit.

252 2428 328 2498 (164)
348 2429 438 2482 schol.
451 2427 546 2497 Apoll.
560 2430 651 2484 Rhod.
663 2429 707 2483 lll.
724 2429 794 2483 1178
803 2445 845 2499 sq.
866 2429 1019 2501 Φερεκύδης
1036 2429 1065 2482 δὲ
1078 2431 1106 2481 ἐν
1122 2429 1150 2500 τῇ
1171 2429 1275 2501 πέμπτη

217 2511 283 2565 οὕτω
310 2515 406 2582 φησίν
436 2513 493 2566 ἐπεὶ
517 2512 546 2566 δὲ
565 2512 680 2585 Κάδμος
705 2517 853 2584 κατῳκίσθη
880 2515 910 2565 ἐν
936 2512 1067 2586 Θήβησιν,
1091 2511 1176 2585 Ἀρης
1201 2512 1276 2565 διδοῖ

217 2596 286 2667 αὕτη)
309 2597 354 2649 καί
373 2596 511 2663 Ἀθηναίη
534 2597 578 2650 τοῦ
595 2595 673 2667 ὄφιος
691 2598 751 2658 roric
769 2595 870 2670 ήμίσεις
897 2593 1021 2662 ὀδόντας,
1047 2596 1108 2657 totle
1125 2595 1154 2650 δὲ
1172 2594 1276 2668 ήμίσεις

217 2679 308 2752 Αλήτη·
336 2680 380 2733 καί
404 2678 418 2732 δ
436 2679 551 2752 Κάδμος
572 2681 664 2734 αὐτίκα
681 2685 783 2754 σπείρει
800 2681 896 2742 αάτοδς
915 2683 951 2741 είς
967 2681 1015 2748 τήν
1032 2680 1152 2754 ἄρουραν
1171 2679 1275 2752 'Apsus

217 2763 385 2825 κελεύσαντος
407 2765 453 2818 καί
477 2765 545 2836 αὐτῷ
569 2762 742 2836 ἀναφύονται
763 2765 857 2819 πολλοὶ
883 2765 980 2837 ἄνδρες
1006 2763 1174 2837 ὠπλισμένοι.
1206 2761 1221 2817 ὃ
1245 2763 1275 2816 δὲ

218 2845 334 2920 Κάδμος
351 2848 441 2909 δείσας
458 2848 548 2914 βάλλει
570 2849 665 2910 αὐτοδς
687 2853 810 2903 λίθοισιν.
840 2851 866 2902 ol
890 2850 918 2903 δὲ
943 2850 1080 2910 δοκέοντες
1105 2846 1151 2919 ὑφ’
1172 2848 1275 2901 ἑαυτῶν

216 2927 364 2998 βάλλεσθαι
391 2934 542 3005 κρατέουσιν
570 2930 698 2999 ἀλλήλους
726 2934 771 2986 καί
797 2930 943 3006 θνήσκουσι
968 2933 1036 2997 πλήν
1062 2934 1136 2986 πέντε
1161 2928 1276 3004 άνδρῶν

219 3015 335 3069 Οὐδαίου
354 3020 476 3069 Χθονίου
502 3022 617 3088 Εχίονος
635 3019 760 3091 Πέλωρος
778 3015 959 3090 Ὑπερήνορος
982 3017 1026 3069 καί
1047 3017 1140 3077 αὐτοδς
1157 3012 1275 3086 Κάδμος

216 3103 329 3153 ποιεῖται
355 3102 469 3161 πολίτας.
508 3101 677 3169 6116111116,
706 3103 742 3155 de
769 3101 940 3169 Lysimacho
967 3100 1175 3165 Alexandrino,
1203 3098 1274 3151 diss.

218 3181 335 3252 lingent.
357 3184 426 3238 1893
450 3199 477 3251 p.
494 3185 519 3238 9.
547 3184 585 3239 cl.
603 3186 670 3240 bibl.
690 3185 783 3252 Apoll.
803 3183 912 3239 111.24.

251 3273 328 3343 (165)
346 3276 453 3330 ibidem
467 3274 508 3329 111.
535 3276 605 3331 1178
617 3285 645 3331 et
660 3278 738 3331 1185.
763 3275 797 3329 Η.
812 3276 939 3332 fabulam
953 3277 1077 3331 narravit
1093 3277 1123 3328 ἐν
1142 3273 1167 3326 α’
1180 3280 1275 3346 ‹bopo-

218 3359 294 3418 νίδυς
312 3368 340 3413 61
357 3361 387 3411 ἐν
404 3364 584 3427 Βοιωτιακοῖς,
601 3368 676 3414 teste
694 3361 785 3414 schol.
805 3359 864 3413 hl)
888 3358 918 3412 ll.
936 3368 960 3413 Β
975 3361 1041 3415 494.

250 3449 326 3519 (166)
345 3450 430 3505 Herc.
448 3450 504 3504 252
516 3465 559 3519 sq.

252 3539 329 3610 (167)
348 3540 455 3610 Argon.
473 3541 515 3595 111.
536 3540 606 3597 1178
619 3556 681 3610 sqq.

251 3631 327 3700 (168)
345 3641 415 3703 trag.
433 3633 534 3689 Graec.
553 3634 603 3703 ing.
622 3634 666 3690 ed.
684 3634 801 3690 Nauch2
823 3636 927 3692 hescb.
945 3635 989 3690 99.

254 3722 329 3793 (169)
348 3725 422 3795 Jahn
441 3725 532 3782 Katul.
551 3725 987 3796 d.hlr“1nch.Vasens.(18-54)
1007 3727 1130 3782 116908.
1150 3741 1177 3780 v.
1189 3725 1276 3793 Jahn:

220 3810 266 3863 die
284 3809 468 3879 Entlithrung
485 3810 536 3865 der
555 3810 679 3879 Europa,
705 3811 894 3866 Denlrschrilt
916 3812 967 3866 der
984 3809 1101 3864 Wiener
1118 3808 1277 3864 Ahademle

223 3894 302 3961 1870,
320 3895 388 3963 phil.
406 3895 472 3949 hist.
490 3894 606 3950 Klasse.
632 3895 672 3949 19.
696 3895 790 3950 1-54.
