2978 4546
691 346 810 455 (tt)

389 651 452 718 DE
483 649 615 720 OVlDI
644 651 824 721 METAM.
846 650 918 718 vll.
942 656 1012 718 294
1029 669 1105 736 sqq.
1146 656 1150 660 ’
1188 657 1190 661 ’
1245 661 1274 666 ”

268 828 420 912 Ovidius
436 843 570 898 narrata
586 828 698 897 labala
715 804 866 918 Aesonis
882 846 986 913 quem
1003 829 1136 895 recoxit
1151 826 1277 894 Medea

224 940 390 1024 adiungit:

257 1123 373 1178 Metam.
392 1123 448 1176 Vll.
465 1125 520 1178 294
545 1201 547 1205 ¹

372 1240 534 1313 videratex
552 1242 608 1295 alto
627 1241 696 1294 tanti
716 1216 852 1294 miracula
870 1239 991 1295 monstri

373 1324 457 1378 Liber
475 1332 503 1378 et
519 1325 685 1379 admonitus
703 1325 824 1379 iuvenes
843 1324 1002 1379 nutricibus
1021 1338 1113 1378 annos

371 1422 461 1475 posse
479 1409 541 1463 suis
560 1409 649 1476 reddi,
667 1409 742 1476 capit
759 1409 815 1462 hoc
833 1423 848 1461 a
867 1406 1007 1462 Colchide
1025 1421 1141 1462 munus.

262 1610 420 1678 similiter
435 1625 549 1679 autem
565 1615 599 1679 in
616 1610 802 1696 hypothesi
815 1610 990 1696 Euripidis
1001 1610 1150 1678 Medeae
1164 1609 1274 1677 allatis

221 1717 330 1786 tribus
355 1719 517 1787 versibus
533 1718 725 1788 Nostorum
749 1719 875 1805 quibus
890 1719 1016 1787 Medea
1031 1720 1178 1786 venenis
1200 1720 1274 1785 suis

220 1825 413 1911 perfecisse
433 1827 568 1911 dicitur,
591 1842 627 1896 ut
642 1828 761 1896 Aeson
785 1841 998 1895 senectutem
1015 1840 1170 1909 exueret,
1192 1825 1275 1894 sub·

220 1938 385 2020 iungitur:

260 2112 425 2197 Λῑσχὺλος
445 2111 479 2179 ‹l'
502 2114 538 2181 ἐν
562 2125 632 2190 ταῖς
653 2110 815 2180 Διονύσου
840 2124 970 2201 τροφοῖς
995 2112 1117 2200 ἱστορεῖ
1140 2111 1193 2179 ὅτι
1218 2116 1271 2179 καὶ

216 2219 274 2300 τὰς
287 2220 449 2290 Διονύσου
462 2219 600 2312 τροφοὺς
612 2219 694 2306 μετὰ
708 2219 777 2288 τῶν
793 2218 924 2310 ἀνδρῶν
945 2217 1056 2288 αὐτῶν
1077 2218 1272 2313 ἄνεψῆσασα

216 2332 412 2419 iucundique.

259 2527 374 2591 statuit
399 2523 573 2592 Robertus
598 2522 713 2608 (189).
747 2524 850 2609 idque
874 2525 1068 2591 rectissime
1099 2520 1268 2591 Ovidium

218 2630 399 2699 manifesto
427 2646 566 2717 praeter
591 2631 677 2700 haec
701 2651 789 2717 quae
813 2633 898 2699 dixit
920 2631 1003 2699 nihil
1027 2632 1070 2699 de
1094 2636 1268 2701 renovatis

217 2739 409 2809 nutricibus
432 2738 547 2808 Liberi
574 2743 737 2823 scivisse,
770 2743 884 2825 itaque
907 2739 994 2807 hanc
1017 2743 1115 2825 quasi
1139 2759 1270 2826 appen-

217 2851 329 2917 dicem
358 2849 460 2918 simul
489 2868 568 2917 cum
591 2847 704 2917 fabula
727 2848 876 2917 Aesonis
899 2849 1055 2917 traditam
1079 2851 1268 2935 accepisse.

216 2973 302 3043 tum,
336 2979 414 3027 cum
443 2977 650 3043 persuasum
679 2958 822 3027 haberet
850 2971 987 3042 poetam
1018 2958 1108 3026 ultro
1139 2977 1267 3026 nexum

216 3071 393 3137 invenisse
420 3071 509 3136 inter
536 3066 683 3152 fabulas,
716 3087 861 3154 quarum
890 3068 994 3135 altera
1023 3068 1058 3135 in
1081 3066 1268 3153 hypothesi

215 3193 343 3246 tantum
367 3197 432 3263 per
453 3180 645 3263 argumenti
668 3177 927 3246 similitudinem
956 3196 1033 3244 cum
1058 3176 1162 3245 altera
1186 3195 1269 3244 con·

216 3288 329 3354 iuncta
353 3301 457 3371 esset,
481 3285 651 3355 conclusit
675 3284 843 3354 Ovidium
867 3304 926 3354 eas
949 3285 1133 3354 eMedeae
1156 3286 1268 3370 hypo·

216 3393 305 3463 thesi
329 3397 481 3480 cognitas
504 3394 678 3465 habuisse.
722 3414 810 3480 quae
838 3394 1034 3478 conclusio,
1060 3396 1264 3480 praesertim

214 3524 294 3573 cum
328 3507 404 3590 ipse
438 3502 591 3572 Ovidius
624 3504 833 3588 tragoediam
860 3503 1023 3573 Medeam
1056 3506 1266 3590 scripsisset,

214 3614 389 3682 nonnullis
412 3612 613 3698 probabilis,
636 3612 751 3680 multis
774 3614 875 3680 etiam
899 3616 1090 3683 certissima
1113 3632 1194 3683 esse
1215 3616 1267 3681 vl·

216 3810 415 3818 --—-——-——
425 3813 434 3818 ..
474 3813 515 3818 .....
539 3813 557 3817 ..
590 3812 599 3817 ..
611 3812 617 3816 .
630 3809 894 3816 --—--—-—.-..
904 3810 1213 3816 -—.-.—.-..—.-—-.
1233 3810 1258 3814 ...-

248 3924 323 3987 (189)
342 3923 406 3978 ano
425 3927 482 3979 und
504 3925 570 3977 med
590 3939 616 3991 p.
634 3923 697 3977 231.
715 3925 740 3976 5.
