2978 4546
752 359 870 468 (tl)

289 532 420 601 Ovidio
462 532 639 602 fluxisse?
683 531 792 599 fateor
828 532 896 599 huc
933 531 1098 598 inclinare
1135 532 1338 598 sententiam

289 662 410 710 meam.
455 657 548 709 certe
582 641 656 708 sola
689 659 746 708 res
781 660 847 725 qua
880 640 1038 707 scholion
1072 640 1114 706 ad
1148 639 1338 723 Vergilium

289 751 491 834 explicatius
515 764 567 817 est
590 749 678 817 lacili
703 752 900 817 coniectura
921 768 965 817 ex
989 752 1066 833 ipso
1082 747 1214 816 Ovidio
1239 767 1339 832 repe-

288 859 430 926 tebatur.
474 858 668 927 Lactantius
703 876 842 943 quoque
872 861 987 942 quiin
1011 872 1211 941 argumento
1235 857 1338 924 huius

288 967 421 1036 fabulae
445 968 539 1034 nollo
563 984 700 1052 praeter
720 966 888 1035 Ovidium
913 967 1006 1034 fonte
1029 985 1114 1033 usus
1138 985 1217 1033 esse
1240 966 1337 1032 vide-

287 1092 352 1160 tur,
383 1081 523 1145 remita
557 1091 670 1145 narrat
693 1078 800 1162 'quasi
823 1076 963 1160 Lycaon
997 1077 1147 1143 advenas
1181 1074 1338 1158 hospites

287 1187 459 1254 trucidare
482 1186 611 1253 soleret
635 1184 724 1268 (23).
770 1183 922 1252 Ovidius
949 1200 1062 1253 autem
1086 1187 1213 1252 invitus
1236 1184 1338 1251 scho-

287 1295 404 1363 liastae
426 1293 646 1378 Lactantique
670 1295 848 1362 erroribus
876 1313 993 1362 ausam
1029 1295 1168 1361 dedisse
1201 1294 1339 1361 videtur

287 1404 488 1472 scribendo:

289 1645 340 1698 198
822 1655 908 1700 notus
930 1646 1040 1700 leritate
1059 1647 1171 1714 Lycaon

285 1730 339 1781 218
820 1731 965 1797 inhospita
984 1738 1057 1784 tecta
1074 1733 1187 1798 tyranni

285 1814 340 1866 233
1068 1816 1103 1869 ab
1122 1816 1186 1883 ipso

437 1898 541 1965 colligit
559 1912 592 1950 os
611 1899 719 1952 rabiem
739 1899 881 1966 solitaque
900 1900 1034 1966 cupidine
1052 1900 1149 1953 caedis

436 1982 556 2034 vertitur
576 1982 604 2033 in
625 1983 751 2048 pecudes
771 1990 798 2034 et
817 1996 894 2036 nunc
912 1997 1028 2050 quoque
1046 1984 1186 2050 sanguine
1205 1984 1316 2049 gaudet.

328 2235 432 2288 restat
455 2237 491 2288 ut
516 2221 664 2290 fabulam
695 2224 889 2291 ovidianam
921 2223 1140 2290 conferamus
1175 2241 1253 2289 cum
1287 2224 1337 2289 di-

284 2333 396 2397 versis
421 2332 578 2398 eiusdem
602 2329 735 2398 fabulae
770 2330 897 2414 liguris.
942 2349 1030 2398 neve
1056 2332 1238 2398 videamur
1261 2350 1334 2398 rem

285 2453 392 2506 actam
426 2456 543 2523 agere,
575 2439 808 2507 lmmerwahri
841 2441 994 2523 vestigiis
1029 2442 1243 2523 insistemus,
1278 2444 1335 2525 qui

286 2548 462 2614 contendit
496 2547 573 2631 (24)
613 2551 807 2617 testimonia
845 2551 1054 2632 scriptorum
1092 2550 1135 2617 de
1172 2548 1336 2632 Lycaone

284 2655 439 2723 bilariam
463 2658 648 2726 dividenda
671 2677 761 2741 esse,
785 2660 914 2742 quippe
937 2676 1082 2743 quarum
1106 2659 1191 2726 aliae
1208 2658 1337 2726 Hesio-

285 2766 384 2833 deam
408 2766 492 2834 aliae
508 2767 756 2834 hellenisticam
784 2781 816 2833 et
832 2766 1020 2834 Romanam
1044 2765 1185 2850 liguram
1203 2767 1335 2835 fabulae

285 2873 444 2942 referant.
490 2876 546 2943 ille
580 2877 721 2960 quidem
749 2895 818 2942 non
849 2874 1049 2959 significavit
1077 2891 1190 2943 utrum
1215 2880 1248 2944 in
1272 2878 1336 2944 Ar-

285 2985 380 3051 cadia
403 2999 583 3069 utramque
607 2984 749 3070 liguram
766 2999 876 3052 natam
901 3003 980 3052 esse
1004 2999 1143 3052 censeat
1158 3004 1200 3051 an
1217 2999 1335 3051 contra

285 3096 514 3161 recentiorem
538 3107 718 3177 poetarum
742 3095 916 3177 ingenium
940 3111 984 3158 ex
1007 3095 1199 3176 antiquiore
1223 3091 1334 3159 fabula

284 3191 508 3283 protraxisse.
553 3220 759 3285 quamquam
786 3202 893 3268 verba
924 3203 1033 3284 ipsios
1071 3219 1126 3266 me
1160 3201 1335 3267 adducunt

286 3321 321 3372 ut
344 3309 482 3376 credam
507 3309 591 3375 illud
615 3313 645 3375 ei
670 3313 776 3394 magis
801 3310 973 3394 placuisse
997 3308 1086 3392 (25).

318 3604 374 3671 (23)
393 3606 569 3660 Lactantium
589 3615 707 3660 secutus
727 3613 772 3658 est
788 3602 878 3672 Myth.
897 3603 960 3657 Vat.
978 3604 996 3657 l.
1019 3605 1057 3657 17.

319 3688 375 3755 (24)
392 3689 434 3742 W.
452 3689 646 3744 lmmerwahr:
665 3689 712 3742 die
731 3688 818 3742 Kulte
836 3689 894 3742 und
912 3688 1031 3756 Mythen
1050 3687 1217 3741 Ariadiens.
1244 3687 1261 3740 l.
1283 3687 1334 3740 Bd.

285 3773 331 3826 die
349 3774 537 3853 arltadischen
556 3773 651 3827 Kulte.
679 3772 789 3826 Teubn.
811 3772 875 3825 1891
904 3787 930 3839 p.
952 3772 984 3824 14
997 3786 1040 3839 sq.

318 3854 375 3924 (25)
394 3858 411 3910 1.
430 3858 449 3910 1.
465 3871 491 3925 p.
507 3858 551 3909 15:
575 3858 638 3912 dies
656 3857 721 3912 sind
740 3857 778 3910 im
798 3854 931 3910 Grossen
950 3856 1007 3909 und
1028 3853 1148 3909 Ganzen
1168 3855 1213 3908 die
1231 3855 1335 3908 beiden

285 3941 530 4009 Hattpiqrttppen
548 3941 600 3994 des
617 3940 743 4009 Mytltos.
