<?xml version="1.0" encoding="UTF-8"?>
<!DOCTYPE html PUBLIC "-//W3C//DTD XHTML 1.0 Transitional//EN"
    "http://www.w3.org/TR/xhtml1/DTD/xhtml1-transitional.dtd">
<html xmlns="http://www.w3.org/1999/xhtml" xml:lang="en" lang="en">
 <head>
  <title>
</title>
<meta http-equiv="Content-Type" content="text/html;charset=utf-8" />
  <meta name='ocr-system' content='tesseract 3.04.00' />
  <meta name='ocr-capabilities' content='ocr_page ocr_carea ocr_par ocr_line ocrx_word'/>
</head>
<body>
  <div class='ocr_page' id='page_1' title='image "./deovidimythopoe00vollgoog_0090.png"; bbox 0 0 2978 4546; ppageno 0'>
   <div class='ocr_carea' id='block_1_1' title="bbox 683 333 803 442">
    <p class='ocr_par' dir='ltr' id='par_1_1' title="bbox 683 333 803 442">
     <span class='ocr_line' id='line_1_1' title="bbox 683 333 803 442; baseline 0.033 -4"><span class='ocrx_word' id='word_1_1' title='bbox 683 333 803 442; x_wconf 71' lang='grc'>(71)</span> 
     </span>
    </p>
   </div>
   <div class='ocr_carea' id='block_1_2' title="bbox 215 506 1336 2232">
    <p class='ocr_par' dir='ltr' id='par_1_2' title="bbox 215 506 1324 1468">
     <span class='ocr_line' id='line_1_2' title="bbox 216 506 1324 594; baseline -0.005 -17"><span class='ocrx_word' id='word_1_2' title='bbox 216 509 308 594; x_wconf 89' lang='lat' dir='ltr'><strong>apud</strong></span> <span class='ocrx_word' id='word_1_3' title='bbox 330 507 551 577; x_wconf 90' lang='lat' dir='ltr'><strong>Herodotum</strong></span> <span class='ocrx_word' id='word_1_4' title='bbox 576 506 701 577; x_wconf 89' lang='lat' dir='ltr'><strong>Cadmi</strong></span> <span class='ocrx_word' id='word_1_5' title='bbox 735 510 965 592; x_wconf 78' lang='lat' dir='ltr'>peregrinatio</span> <span class='ocrx_word' id='word_1_6' title='bbox 998 507 1131 575; x_wconf 79' lang='lat' dir='ltr'><strong>sororis</strong></span> <span class='ocrx_word' id='word_1_7' title='bbox 1160 518 1269 589; x_wconf 83' lang='lat' dir='ltr'><strong>quae·</strong></span> <span class='ocrx_word' id='word_1_8' title='bbox 1320 538 1324 544; x_wconf 96' lang='lat'><em>·</em></span> 
     </span>
     <span class='ocr_line' id='line_1_3' title="bbox 217 614 1269 702; baseline -0.005 -15"><span class='ocrx_word' id='word_1_9' title='bbox 217 620 347 687; x_wconf 84' lang='lat' dir='ltr'><strong>rendae</strong></span> <span class='ocrx_word' id='word_1_10' title='bbox 368 637 470 686; x_wconf 86' lang='lat' dir='ltr'><strong>causa</strong></span> <span class='ocrx_word' id='word_1_11' title='bbox 492 631 655 702; x_wconf 88' lang='lat' dir='ltr'><strong>suscepta</strong></span> <span class='ocrx_word' id='word_1_12' title='bbox 678 630 973 686; x_wconf 80' lang='lat' dir='ltr'><strong>commemoratur</strong></span> <span class='ocrx_word' id='word_1_13' title='bbox 988 614 1090 700; x_wconf 92' lang='grc'>(170)</span> <span class='ocrx_word' id='word_1_14' title='bbox 1114 618 1148 683; x_wconf 94' lang='lat' dir='ltr'><strong>in</strong></span> <span class='ocrx_word' id='word_1_15' title='bbox 1170 615 1269 683; x_wconf 89' lang='lat' dir='ltr'><strong>Euri·</strong></span> 
     </span>
     <span class='ocr_line' id='line_1_4' title="bbox 215 724 1268 813; baseline -0.003 -18"><span class='ocrx_word' id='word_1_16' title='bbox 215 729 307 813; x_wconf 90' lang='lat' dir='ltr'><strong>pidis</strong></span> <span class='ocrx_word' id='word_1_17' title='bbox 339 727 611 796; x_wconf 87' lang='lat' dir='ltr'><strong>Phoenissarum</strong></span> <span class='ocrx_word' id='word_1_18' title='bbox 646 730 777 796; x_wconf 89' lang='lat' dir='ltr'><strong>cantico</strong></span> <span class='ocrx_word' id='word_1_19' title='bbox 802 724 904 810; x_wconf 95' lang='grc'>(171)</span> <span class='ocrx_word' id='word_1_20' title='bbox 940 724 1065 795; x_wconf 86' lang='lat' dir='ltr'><strong>Cadmi</strong></span> <span class='ocrx_word' id='word_1_21' title='bbox 1099 726 1268 794; x_wconf 87' lang='lat' dir='ltr'><strong>adventus</strong></span> 
     </span>
     <span class='ocr_line' id='line_1_5' title="bbox 215 835 1269 921; baseline -0.001 -17"><span class='ocrx_word' id='word_1_22' title='bbox 215 840 250 904; x_wconf 92' lang='lat' dir='ltr'><strong>in</strong></span> <span class='ocrx_word' id='word_1_23' title='bbox 272 837 454 906; x_wconf 85' lang='lat' dir='ltr'><strong>Boeotiam</strong></span> <span class='ocrx_word' id='word_1_24' title='bbox 489 839 759 921; x_wconf 81' lang='lat' dir='ltr'><strong>certaminisque</strong></span> <span class='ocrx_word' id='word_1_25' title='bbox 793 854 871 905; x_wconf 94' lang='lat' dir='ltr'><strong>cum</strong></span> <span class='ocrx_word' id='word_1_26' title='bbox 905 852 1016 921; x_wconf 82' lang='lat' dir='ltr'><strong>angue</strong></span> <span class='ocrx_word' id='word_1_27' title='bbox 1048 836 1174 903; x_wconf 88' lang='lat' dir='ltr'><strong>Martio</strong></span> <span class='ocrx_word' id='word_1_28' title='bbox 1209 835 1269 903; x_wconf 92' lang='lat' dir='ltr'><strong>de·</strong></span> 
     </span>
     <span class='ocr_line' id='line_1_6' title="bbox 216 943 1267 1031; baseline -0.004 -17"><span class='ocrx_word' id='word_1_29' title='bbox 216 949 358 1031; x_wconf 88' lang='lat' dir='ltr'><strong>scriptio</strong></span> <span class='ocrx_word' id='word_1_30' title='bbox 382 947 554 1014; x_wconf 89' lang='lat' dir='ltr'><strong>eiusmodi</strong></span> <span class='ocrx_word' id='word_1_31' title='bbox 578 959 630 1014; x_wconf 88' lang='lat' dir='ltr'><strong>est</strong></span> <span class='ocrx_word' id='word_1_32' title='bbox 652 959 689 1014; x_wconf 89' lang='lat' dir='ltr'><strong>ut</strong></span> <span class='ocrx_word' id='word_1_33' title='bbox 711 945 802 1013; x_wconf 90' lang='lat' dir='ltr'><strong>nulla</strong></span> <span class='ocrx_word' id='word_1_34' title='bbox 819 949 908 1015; x_wconf 90' lang='lat' dir='ltr'><strong>inter</strong></span> <span class='ocrx_word' id='word_1_35' title='bbox 922 945 1011 1013; x_wconf 89' lang='lat' dir='ltr'><strong>hanc</strong></span> <span class='ocrx_word' id='word_1_36' title='bbox 1033 960 1066 1013; x_wconf 92' lang='lat' dir='ltr'><strong>et</strong></span> <span class='ocrx_word' id='word_1_37' title='bbox 1089 943 1267 1012; x_wconf 89' lang='lat' dir='ltr'><strong>oraculum</strong></span> 
     </span>
     <span class='ocr_line' id='line_1_7' title="bbox 215 1053 1268 1141; baseline -0.003 -18"><span class='ocrx_word' id='word_1_38' title='bbox 215 1073 321 1139; x_wconf 90' lang='lat' dir='ltr'><strong>supra</strong></span> <span class='ocrx_word' id='word_1_39' title='bbox 354 1055 491 1122; x_wconf 92' lang='lat' dir='ltr'><strong>allatum</strong></span> <span class='ocrx_word' id='word_1_40' title='bbox 525 1057 757 1140; x_wconf 83' lang='lat' dir='ltr'><strong>discrepantia</strong></span> <span class='ocrx_word' id='word_1_41' title='bbox 789 1058 843 1139; x_wconf 92' lang='lat' dir='ltr'><strong>sit,</strong></span> <span class='ocrx_word' id='word_1_42' title='bbox 875 1073 1082 1141; x_wconf 87' lang='lat' dir='ltr'><strong>quamquam</strong></span> <span class='ocrx_word' id='word_1_43' title='bbox 1116 1053 1172 1121; x_wconf 89' lang='lat' dir='ltr'><strong>hic</strong></span> <span class='ocrx_word' id='word_1_44' title='bbox 1199 1053 1268 1122; x_wconf 91' lang='lat' dir='ltr'><strong>illic</strong></span> 
     </span>
     <span class='ocr_line' id='line_1_8' title="bbox 215 1163 1269 1249; baseline -0.001 -17"><span class='ocrx_word' id='word_1_45' title='bbox 215 1164 279 1232; x_wconf 90' lang='lat' dir='ltr'><strong>alia</strong></span> <span class='ocrx_word' id='word_1_46' title='bbox 301 1164 412 1232; x_wconf 82' lang='lat' dir='ltr'><strong>fusius</strong></span> <span class='ocrx_word' id='word_1_47' title='bbox 435 1165 498 1232; x_wconf 91' lang='lat' dir='ltr'><strong>alia</strong></span> <span class='ocrx_word' id='word_1_48' title='bbox 522 1164 663 1233; x_wconf 90' lang='lat' dir='ltr'><strong>brevius</strong></span> <span class='ocrx_word' id='word_1_49' title='bbox 687 1179 877 1233; x_wconf 90' lang='lat' dir='ltr'><strong>narrantur.</strong></span> <span class='ocrx_word' id='word_1_50' title='bbox 907 1163 1149 1249; x_wconf 84' lang='lat' dir='ltr'><strong>mythographi</strong></span> <span class='ocrx_word' id='word_1_51' title='bbox 1172 1164 1269 1231; x_wconf 87' lang='lat' dir='ltr'><strong>deni-</strong></span> 
     </span>
     <span class='ocr_line' id='line_1_9' title="bbox 216 1272 1269 1360; baseline -0.002 -19"><span class='ocrx_word' id='word_1_52' title='bbox 216 1292 284 1358; x_wconf 85' lang='lat' dir='ltr'><strong>que</strong></span> <span class='ocrx_word' id='word_1_53' title='bbox 307 1276 520 1343; x_wconf 89' lang='lat' dir='ltr'><strong>recentiores</strong></span> <span class='ocrx_word' id='word_1_54' title='bbox 544 1289 611 1343; x_wconf 93' lang='lat' dir='ltr'><strong>tam</strong></span> <span class='ocrx_word' id='word_1_55' title='bbox 635 1293 713 1342; x_wconf 91' lang='lat' dir='ltr'><strong>cum</strong></span> <span class='ocrx_word' id='word_1_56' title='bbox 730 1274 872 1343; x_wconf 89' lang='lat' dir='ltr'><strong>oraculo</strong></span> <span class='ocrx_word' id='word_1_57' title='bbox 888 1293 991 1360; x_wconf 91' lang='lat' dir='ltr'><strong>quam</strong></span> <span class='ocrx_word' id='word_1_58' title='bbox 1008 1292 1086 1341; x_wconf 90' lang='lat' dir='ltr'><strong>cum</strong></span> <span class='ocrx_word' id='word_1_59' title='bbox 1102 1272 1269 1358; x_wconf 82' lang='lat' dir='ltr'><strong>Euripide</strong></span> 
     </span>
     <span class='ocr_line' id='line_1_10' title="bbox 216 1383 573 1468; baseline 0.003 -17"><span class='ocrx_word' id='word_1_60' title='bbox 216 1386 435 1452; x_wconf 91' lang='lat' dir='ltr'><strong>consentiunt</strong></span> <span class='ocrx_word' id='word_1_61' title='bbox 459 1383 573 1468; x_wconf 88' lang='lat'><strong>(172).</strong></span> 
     </span>
    </p>

    <p class='ocr_par' dir='ltr' id='par_1_3' title="bbox 215 1492 1336 2232">
     <span class='ocr_line' id='line_1_11' title="bbox 257 1492 1267 1576; baseline 0.001 -17"><span class='ocrx_word' id='word_1_62' title='bbox 257 1492 446 1561; x_wconf 88' lang='lat' dir='ltr'><strong>rationibus</strong></span> <span class='ocrx_word' id='word_1_63' title='bbox 470 1493 650 1562; x_wconf 89' lang='lat' dir='ltr'><strong>subductis</strong></span> <span class='ocrx_word' id='word_1_64' title='bbox 666 1492 906 1562; x_wconf 89' lang='lat' dir='ltr'><strong>concludimus</strong></span> <span class='ocrx_word' id='word_1_65' title='bbox 927 1492 1075 1561; x_wconf 80' lang='lat' dir='ltr'><strong>fabulam</strong></span> <span class='ocrx_word' id='word_1_66' title='bbox 1090 1492 1267 1576; x_wconf 80' lang='lat' dir='ltr'><strong>vulgarem</strong></span> 
     </span>
     <span class='ocr_line' id='line_1_12' title="bbox 215 1600 1269 1686; baseline -0.001 -17"><span class='ocrx_word' id='word_1_67' title='bbox 215 1600 359 1671; x_wconf 86' lang='lat' dir='ltr'><strong>fluxisse</strong></span> <span class='ocrx_word' id='word_1_68' title='bbox 382 1621 426 1671; x_wconf 85' lang='lat' dir='ltr'><strong>ex</strong></span> <span class='ocrx_word' id='word_1_69' title='bbox 449 1602 732 1686; x_wconf 86' lang='lat' dir='ltr'><strong>excerptionibus</strong></span> <span class='ocrx_word' id='word_1_70' title='bbox 755 1605 946 1670; x_wconf 84' lang='lat' dir='ltr'><strong>carminum</strong></span> <span class='ocrx_word' id='word_1_71' title='bbox 969 1604 1161 1685; x_wconf 91' lang='lat' dir='ltr'><strong>epicorum.</strong></span> <span class='ocrx_word' id='word_1_72' title='bbox 1202 1601 1269 1668; x_wconf 90' lang='lat' dir='ltr'><strong>hoc</strong></span> 
     </span>
     <span class='ocr_line' id='line_1_13' title="bbox 216 1708 1268 1795; baseline -0.001 -18"><span class='ocrx_word' id='word_1_73' title='bbox 216 1712 321 1778; x_wconf 92' lang='lat' dir='ltr'><strong>modo</strong></span> <span class='ocrx_word' id='word_1_74' title='bbox 344 1713 436 1779; x_wconf 92' lang='lat' dir='ltr'><strong>enim</strong></span> <span class='ocrx_word' id='word_1_75' title='bbox 460 1725 574 1779; x_wconf 89' lang='lat' dir='ltr'><strong>tecum</strong></span> <span class='ocrx_word' id='word_1_76' title='bbox 598 1724 729 1795; x_wconf 89' lang='lat' dir='ltr'><strong>reputa.</strong></span> <span class='ocrx_word' id='word_1_77' title='bbox 773 1709 885 1779; x_wconf 82' lang='grc'>1111711111</span> <span class='ocrx_word' id='word_1_78' title='bbox 901 1710 1062 1794; x_wconf 89' lang='lat' dir='ltr'><strong>Europae</strong></span> <span class='ocrx_word' id='word_1_79' title='bbox 1085 1723 1118 1777; x_wconf 88' lang='lat' dir='ltr'><strong>et</strong></span> <span class='ocrx_word' id='word_1_80' title='bbox 1142 1708 1268 1780; x_wconf 90' lang='lat' dir='ltr'><strong>Cadmi</strong></span> 
     </span>
     <span class='ocr_line' id='line_1_14' title="bbox 216 1817 1336 1909; baseline -0.001 -22"><span class='ocrx_word' id='word_1_81' title='bbox 216 1821 359 1887; x_wconf 92' lang='lat' dir='ltr'><strong>omnino</strong></span> <span class='ocrx_word' id='word_1_82' title='bbox 393 1818 645 1888; x_wconf 87' lang='lat' dir='ltr'><strong>ecarminibus</strong></span> <span class='ocrx_word' id='word_1_83' title='bbox 679 1821 788 1904; x_wconf 91' lang='lat' dir='ltr'><strong>epicis</strong></span> <span class='ocrx_word' id='word_1_84' title='bbox 811 1817 918 1886; x_wconf 88' lang='lat' dir='ltr'><strong>fluxit.</strong></span> <span class='ocrx_word' id='word_1_85' title='bbox 963 1819 1047 1885; x_wconf 90' lang='lat' dir='ltr'><strong>illud</strong></span> <span class='ocrx_word' id='word_1_86' title='bbox 1081 1831 1209 1886; x_wconf 93' lang='lat' dir='ltr'><strong>tantum</strong></span> <span class='ocrx_word' id='word_1_87' title='bbox 1233 1821 1268 1886; x_wconf 91' lang='lat' dir='ltr'><strong>in</strong></span> <span class='ocrx_word' id='word_1_88' title='bbox 1332 1900 1336 1909; x_wconf 27' lang='lat'>¹</span> 
     </span>
     <span class='ocr_line' id='line_1_15' title="bbox 215 1927 1267 2014; baseline -0.002 -18"><span class='ocrx_word' id='word_1_89' title='bbox 215 1931 454 2014; x_wconf 88' lang='lat' dir='ltr'><strong>quaestionem</strong></span> <span class='ocrx_word' id='word_1_90' title='bbox 475 1928 672 1996; x_wconf 87' lang='lat' dir='ltr'><strong>vocandum</strong></span> <span class='ocrx_word' id='word_1_91' title='bbox 706 1941 759 1997; x_wconf 91' lang='lat' dir='ltr'><strong>est</strong></span> <span class='ocrx_word' id='word_1_92' title='bbox 791 1927 963 1997; x_wconf 80' lang='lat' dir='ltr'><strong>fuerintne</strong></span> <span class='ocrx_word' id='word_1_93' title='bbox 986 1931 1176 2012; x_wconf 89' lang='lat' dir='ltr'><strong>scriptores</strong></span> <span class='ocrx_word' id='word_1_94' title='bbox 1210 1929 1267 2012; x_wconf 92' lang='lat' dir='ltr'><strong>qui</strong></span> 
     </span>
     <span class='ocr_line' id='line_1_16' title="bbox 216 2035 1267 2122; baseline -0.001 -17"><span class='ocrx_word' id='word_1_95' title='bbox 216 2055 280 2105; x_wconf 91' lang='lat' dir='ltr'><strong>suo</strong></span> <span class='ocrx_word' id='word_1_96' title='bbox 315 2036 477 2105; x_wconf 88' lang='lat' dir='ltr'><strong>arbitratu</strong></span> <span class='ocrx_word' id='word_1_97' title='bbox 516 2038 685 2122; x_wconf 91' lang='lat' dir='ltr'><strong>quaedam</strong></span> <span class='ocrx_word' id='word_1_98' title='bbox 718 2040 929 2105; x_wconf 89' lang='lat' dir='ltr'><strong>immutarint</strong></span> <span class='ocrx_word' id='word_1_99' title='bbox 961 2039 996 2104; x_wconf 92' lang='lat' dir='ltr'><strong>in</strong></span> <span class='ocrx_word' id='word_1_100' title='bbox 1029 2035 1136 2121; x_wconf 84' lang='lat' dir='ltr'><strong>figura</strong></span> <span class='ocrx_word' id='word_1_101' title='bbox 1170 2039 1267 2121; x_wconf 89' lang='lat' dir='ltr'><strong>epica</strong></span> 
     </span>
     <span class='ocr_line' id='line_1_17' title="bbox 215 2146 1267 2232; baseline 0 -19"><span class='ocrx_word' id='word_1_102' title='bbox 215 2160 410 2231; x_wconf 87' lang='lat' dir='ltr'><strong>tantamque</strong></span> <span class='ocrx_word' id='word_1_103' title='bbox 425 2149 660 2215; x_wconf 87' lang='lat' dir='ltr'><strong>auctoritatem</strong></span> <span class='ocrx_word' id='word_1_104' title='bbox 684 2148 772 2213; x_wconf 90' lang='lat' dir='ltr'><strong>nacti</strong></span> <span class='ocrx_word' id='word_1_105' title='bbox 795 2148 863 2213; x_wconf 91' lang='lat' dir='ltr'><strong>sint</strong></span> <span class='ocrx_word' id='word_1_106' title='bbox 885 2159 922 2213; x_wconf 93' lang='lat' dir='ltr'><strong>ut</strong></span> <span class='ocrx_word' id='word_1_107' title='bbox 944 2146 1186 2232; x_wconf 84' lang='lat' dir='ltr'><strong>mythographi</strong></span> <span class='ocrx_word' id='word_1_108' title='bbox 1209 2149 1267 2232; x_wconf 93' lang='lat' dir='ltr'><strong>qui</strong></span> 
     </span>
    </p>
   </div>
   <div class='ocr_carea' id='block_1_3' title="bbox 213 2254 1269 2667">
    <p class='ocr_par' dir='ltr' id='par_1_4' title="bbox 213 2254 1269 2667">
     <span class='ocr_line' id='line_1_18' title="bbox 214 2254 1267 2341; baseline 0.001 -19"><span class='ocrx_word' id='word_1_109' title='bbox 214 2258 369 2340; x_wconf 91' lang='lat' dir='ltr'><strong>antiquas</strong></span> <span class='ocrx_word' id='word_1_110' title='bbox 393 2255 524 2324; x_wconf 80' lang='lat' dir='ltr'><strong>fabulas</strong></span> <span class='ocrx_word' id='word_1_111' title='bbox 547 2254 765 2324; x_wconf 89' lang='lat' dir='ltr'><strong>sectabantur</strong></span> <span class='ocrx_word' id='word_1_112' title='bbox 787 2274 910 2324; x_wconf 91' lang='lat' dir='ltr'><strong>eorum</strong></span> <span class='ocrx_word' id='word_1_113' title='bbox 933 2258 1070 2325; x_wconf 92' lang='lat' dir='ltr'><strong>inventa</strong></span> <span class='ocrx_word' id='word_1_114' title='bbox 1094 2269 1267 2341; x_wconf 85' lang='lat' dir='ltr'><strong>tamquam</strong></span> 
     </span>
     <span class='ocr_line' id='line_1_19' title="bbox 213 2364 1267 2450; baseline -0.001 -17"><span class='ocrx_word' id='word_1_115' title='bbox 213 2368 361 2450; x_wconf 84' lang='lat' dir='ltr'><strong>genuina</strong></span> <span class='ocrx_word' id='word_1_116' title='bbox 388 2364 522 2434; x_wconf 83' lang='lat' dir='ltr'><strong>fabulae</strong></span> <span class='ocrx_word' id='word_1_117' title='bbox 548 2365 764 2448; x_wconf 89' lang='lat' dir='ltr'><strong>lineamenta,</strong></span> <span class='ocrx_word' id='word_1_118' title='bbox 791 2379 828 2433; x_wconf 91' lang='lat' dir='ltr'><strong>ut</strong></span> <span class='ocrx_word' id='word_1_119' title='bbox 850 2367 894 2433; x_wconf 88' lang='lat' dir='ltr'><strong>ita</strong></span> <span class='ocrx_word' id='word_1_120' title='bbox 917 2367 1040 2449; x_wconf 87' lang='lat' dir='ltr'><strong>dicam,</strong></span> <span class='ocrx_word' id='word_1_121' title='bbox 1063 2367 1267 2449; x_wconf 87' lang='lat' dir='ltr'><strong>receperint.</strong></span> 
     </span>
     <span class='ocr_line' id='line_1_20' title="bbox 214 2475 1267 2559; baseline -0.001 -17"><span class='ocrx_word' id='word_1_122' title='bbox 214 2475 376 2558; x_wconf 90' lang='lat' dir='ltr'><strong>equidem</strong></span> <span class='ocrx_word' id='word_1_123' title='bbox 400 2492 547 2558; x_wconf 88' lang='lat' dir='ltr'><strong>prorsus</strong></span> <span class='ocrx_word' id='word_1_124' title='bbox 570 2475 702 2542; x_wconf 90' lang='lat' dir='ltr'><strong>nullum</strong></span> <span class='ocrx_word' id='word_1_125' title='bbox 726 2477 876 2559; x_wconf 87' lang='lat' dir='ltr'><strong>reperio.</strong></span> <span class='ocrx_word' id='word_1_126' title='bbox 921 2477 974 2542; x_wconf 91' lang='lat' dir='ltr'><strong>sin</strong></span> <span class='ocrx_word' id='word_1_127' title='bbox 1007 2487 1121 2542; x_wconf 87' lang='lat' dir='ltr'><strong>autem</strong></span> <span class='ocrx_word' id='word_1_128' title='bbox 1144 2492 1267 2542; x_wconf 93' lang='lat' dir='ltr'><strong>verum</strong></span> 
     </span>
     <span class='ocr_line' id='line_1_21' title="bbox 214 2581 1269 2667; baseline 0.004 -19"><span class='ocrx_word' id='word_1_129' title='bbox 214 2583 302 2649; x_wconf 89' lang='lat' dir='ltr'><strong>vidit</strong></span> <span class='ocrx_word' id='word_1_130' title='bbox 325 2582 523 2650; x_wconf 88' lang='lat' dir='ltr'><strong>Fridericus</strong></span> <span class='ocrx_word' id='word_1_131' title='bbox 556 2581 659 2667; x_wconf 88' lang='lat' dir='ltr'><strong>Spiro</strong></span> <span class='ocrx_word' id='word_1_132' title='bbox 684 2582 799 2667; x_wconf 86' lang='grc'>(173),</span> <span class='ocrx_word' id='word_1_133' title='bbox 833 2586 1003 2651; x_wconf 87' lang='lat' dir='ltr'><strong>cauticum</strong></span> <span class='ocrx_word' id='word_1_134' title='bbox 1037 2582 1121 2650; x_wconf 91' lang='lat' dir='ltr'><strong>illud</strong></span> <span class='ocrx_word' id='word_1_135' title='bbox 1155 2582 1269 2652; x_wconf 89' lang='lat' dir='ltr'><strong>Phoe-</strong></span> 
     </span>
    </p>
   </div>
   <div class='ocr_carea' id='block_1_4' title="bbox 216 2769 366 2777">
    <p class='ocr_par' dir='ltr' id='par_1_5' title="bbox 216 2769 366 2777">
     <span class='ocr_line' id='line_1_22' title="bbox 216 2769 366 2777; baseline 0.007 -1"><span class='ocrx_word' id='word_1_136' title='bbox 216 2769 366 2777; x_wconf 66' lang='lat' dir='ltr'>n——-.</span> 
     </span>
    </p>
   </div>
   <div class='ocr_carea' id='block_1_5' title="bbox 249 2875 740 3036">
    <p class='ocr_par' dir='ltr' id='par_1_6' title="bbox 249 2875 740 3036">
     <span class='ocr_line' id='line_1_23' title="bbox 249 2875 740 2946; baseline 0.002 -17"><span class='ocrx_word' id='word_1_137' title='bbox 249 2875 323 2943; x_wconf 81' lang='lat'><strong>(170)</strong></span> <span class='ocrx_word' id='word_1_138' title='bbox 341 2875 372 2930; x_wconf 91' lang='lat'><strong>11.</strong></span> <span class='ocrx_word' id='word_1_139' title='bbox 389 2876 435 2943; x_wconf 78' lang='lat' dir='ltr'><strong>aa,</strong></span> <span class='ocrx_word' id='word_1_140' title='bbox 456 2875 502 2930; x_wconf 91' lang='lat' dir='ltr'><strong>1v.</strong></span> <span class='ocrx_word' id='word_1_141' title='bbox 523 2876 583 2943; x_wconf 84' lang='lat'><strong>147,</strong></span> <span class='ocrx_word' id='word_1_142' title='bbox 600 2876 633 2930; x_wconf 94' lang='lat' dir='ltr'><strong>v.</strong></span> <span class='ocrx_word' id='word_1_143' title='bbox 650 2878 685 2930; x_wconf 85' lang='lat'><strong>57</strong></span> <span class='ocrx_word' id='word_1_144' title='bbox 698 2892 740 2946; x_wconf 75' lang='lat' dir='ltr'><strong>sq.</strong></span> 
     </span>
     <span class='ocr_line' id='line_1_24' title="bbox 250 2967 495 3036; baseline -0.008 -13"><span class='ocrx_word' id='word_1_145' title='bbox 250 2967 325 3036; x_wconf 81' lang='grc'>(1717</span> <span class='ocrx_word' id='word_1_146' title='bbox 342 2968 495 3024; x_wconf 76' lang='grc'>17317-175.</span> 
     </span>
    </p>
   </div>
   <div class='ocr_carea' id='block_1_6' title="bbox 249 3062 1376 3132">
    <p class='ocr_par' dir='ltr' id='par_1_7' title="bbox 249 3062 1376 3132">
     <span class='ocr_line' id='line_1_25' title="bbox 249 3062 1376 3132; baseline 0.003 -17"><span class='ocrx_word' id='word_1_147' title='bbox 249 3062 636 3130; x_wconf 85' lang='grc' dir='ltr'>(172)171171.Α)71711.111.22</span> <span class='ocrx_word' id='word_1_148' title='bbox 662 3073 757 3118; x_wconf 87' lang='lat' dir='ltr'><strong>narrat</strong></span> <span class='ocrx_word' id='word_1_149' title='bbox 779 3063 923 3119; x_wconf 85' lang='lat' dir='ltr'><strong>Cadmum</strong></span> <span class='ocrx_word' id='word_1_150' title='bbox 946 3079 1012 3119; x_wconf 93' lang='lat' dir='ltr'><strong>cum</strong></span> <span class='ocrx_word' id='word_1_151' title='bbox 1037 3079 1089 3132; x_wconf 87' lang='lat' dir='ltr'><strong>per</strong></span> <span class='ocrx_word' id='word_1_152' title='bbox 1112 3064 1267 3119; x_wconf 87' lang='lat' dir='ltr'><strong>Phocidem</strong></span> <span class='ocrx_word' id='word_1_153' title='bbox 1375 3066 1376 3070; x_wconf 77' lang='grc'>’</span> 
     </span>
    </p>
   </div>
   <div class='ocr_carea' id='block_1_7' title="bbox 215 3144 1270 3977">
    <p class='ocr_par' dir='ltr' id='par_1_8' title="bbox 215 3144 1270 3806">
     <span class='ocr_line' id='line_1_26' title="bbox 215 3144 1270 3217; baseline 0 -17"><span class='ocrx_word' id='word_1_154' title='bbox 215 3149 268 3200; x_wconf 90' lang='grc'>1111</span> <span class='ocrx_word' id='word_1_155' title='bbox 293 3146 402 3201; x_wconf 81' lang='lat' dir='ltr'><strong>iaceret</strong></span> <span class='ocrx_word' id='word_1_156' title='bbox 425 3147 490 3201; x_wconf 88' lang='lat' dir='ltr'><strong>bovi</strong></span> <span class='ocrx_word' id='word_1_157' title='bbox 514 3147 652 3202; x_wconf 84' lang='lat' dir='ltr'><strong>incidisse</strong></span> <span class='ocrx_word' id='word_1_158' title='bbox 677 3149 709 3200; x_wconf 72' lang='grc' dir='ltr'><strong>ἐν</strong></span> <span class='ocrx_word' id='word_1_159' title='bbox 733 3152 787 3208; x_wconf 78' lang='grc' dir='ltr'><em>τοῖς</em></span> <span class='ocrx_word' id='word_1_160' title='bbox 812 3144 978 3214; x_wconf 70' lang='grc' dir='ltr'><em>Πελάγοντος</em></span> <span class='ocrx_word' id='word_1_161' title='bbox 1002 3151 1160 3215; x_wconf 72' lang='grc' dir='ltr'><em>βοοκολίοος.</em></span> <span class='ocrx_word' id='word_1_162' title='bbox 1194 3147 1270 3217; x_wconf 78' lang='lat' dir='ltr'>Hyg.</span> 
     </span>
     <span class='ocr_line' id='line_1_27' title="bbox 217 3231 1269 3301; baseline 0.005 -18"><span class='ocrx_word' id='word_1_163' title='bbox 217 3231 271 3284; x_wconf 83' lang='lat' dir='ltr'><strong>fab.</strong></span> <span class='ocrx_word' id='word_1_164' title='bbox 294 3231 356 3285; x_wconf 85' lang='lat'><strong>178:</strong></span> <span class='ocrx_word' id='word_1_165' title='bbox 375 3233 413 3286; x_wconf 90' lang='lat' dir='ltr'><strong>ibi</strong></span> <span class='ocrx_word' id='word_1_166' title='bbox 432 3246 606 3300; x_wconf 88' lang='lat' dir='ltr'><strong>responsum</strong></span> <span class='ocrx_word' id='word_1_167' title='bbox 625 3233 743 3301; x_wconf 86' lang='lat' dir='ltr'><strong>accepit,</strong></span> <span class='ocrx_word' id='word_1_168' title='bbox 761 3242 792 3287; x_wconf 91' lang='lat' dir='ltr'><strong>ut</strong></span> <span class='ocrx_word' id='word_1_169' title='bbox 810 3247 826 3286; x_wconf 86' lang='lat' dir='ltr'><strong>a</strong></span> <span class='ocrx_word' id='word_1_170' title='bbox 843 3233 1008 3301; x_wconf 88' lang='lat' dir='ltr'><strong>pastoribus</strong></span> <span class='ocrx_word' id='word_1_171' title='bbox 1027 3234 1130 3288; x_wconf 89' lang='lat' dir='ltr'><strong>bovem</strong></span> <span class='ocrx_word' id='word_1_172' title='bbox 1151 3241 1269 3300; x_wconf 86' lang='lat' dir='ltr'><strong>emeret,</strong></span> 
     </span>
     <span class='ocr_line' id='line_1_28' title="bbox 217 3314 1268 3386; baseline 0.004 -20"><span class='ocrx_word' id='word_1_173' title='bbox 217 3315 264 3382; x_wconf 91' lang='lat' dir='ltr'><strong>qui</strong></span> <span class='ocrx_word' id='word_1_174' title='bbox 277 3314 374 3369; x_wconf 84' lang='lat' dir='ltr'><strong>Lunae</strong></span> <span class='ocrx_word' id='word_1_175' title='bbox 386 3317 501 3384; x_wconf 75' lang='lat' dir='ltr'><strong>signum</strong></span> <span class='ocrx_word' id='word_1_176' title='bbox 515 3318 603 3371; x_wconf 89' lang='lat' dir='ltr'><strong>latere</strong></span> <span class='ocrx_word' id='word_1_177' title='bbox 616 3318 735 3372; x_wconf 87' lang='lat' dir='ltr'><strong>haberet</strong></span> <span class='ocrx_word' id='word_1_178' title='bbox 747 3331 870 3386; x_wconf 86' lang='lat' dir='ltr'><strong>eamque</strong></span> <span class='ocrx_word' id='word_1_179' title='bbox 881 3325 947 3372; x_wconf 86' lang='lat' dir='ltr'><strong>ante</strong></span> <span class='ocrx_word' id='word_1_180' title='bbox 959 3331 992 3372; x_wconf 88' lang='lat' dir='ltr'><strong>se</strong></span> <span class='ocrx_word' id='word_1_181' title='bbox 1004 3326 1108 3386; x_wconf 80' lang='lat' dir='ltr'><strong>ageret.</strong></span> <span class='ocrx_word' id='word_1_182' title='bbox 1127 3317 1212 3372; x_wconf 86' lang='lat' dir='ltr'><strong>Paus.</strong></span> <span class='ocrx_word' id='word_1_183' title='bbox 1224 3317 1268 3371; x_wconf 80' lang='lat' dir='ltr'><strong>lx,</strong></span> 
     </span>
     <span class='ocr_line' id='line_1_29' title="bbox 219 3397 1268 3471; baseline 0.006 -22"><span class='ocrx_word' id='word_1_184' title='bbox 219 3397 258 3450; x_wconf 89' lang='lat'><strong>12.</strong></span> <span class='ocrx_word' id='word_1_185' title='bbox 281 3399 290 3449; x_wconf 98' lang='lat' dir='ltr'>l</span> <span class='ocrx_word' id='word_1_186' title='bbox 319 3398 421 3464; x_wconf 75' lang='grc' dir='ltr'><strong>λέγεται</strong></span> <span class='ocrx_word' id='word_1_187' title='bbox 446 3398 475 3452; x_wconf 79' lang='grc' dir='ltr'><strong>δὲ</strong></span> <span class='ocrx_word' id='word_1_188' title='bbox 501 3400 546 3452; x_wconf 71' lang='grc' dir='ltr'><strong>καὶ</strong></span> <span class='ocrx_word' id='word_1_189' title='bbox 572 3397 618 3455; x_wconf 77' lang='grc' dir='ltr'><strong>ὅδε</strong></span> <span class='ocrx_word' id='word_1_190' title='bbox 643 3397 688 3453; x_wconf 75' lang='grc' dir='ltr'><strong>ὑπ’</strong></span> <span class='ocrx_word' id='word_1_191' title='bbox 709 3400 797 3454; x_wconf 71' lang='grc' dir='ltr'><em>αὐτῶν</em></span> <span class='ocrx_word' id='word_1_192' title='bbox 822 3397 901 3468; x_wconf 77' lang='grc' dir='ltr'><em>λόγος</em></span> <span class='ocrx_word' id='word_1_193' title='bbox 926 3399 962 3461; x_wconf 79' lang='grc' dir='ltr'><strong>ὥς</strong></span> <span class='ocrx_word' id='word_1_194' title='bbox 985 3397 1092 3455; x_wconf 68' lang='lat' dir='ltr'><strong>ductim</strong></span> <span class='ocrx_word' id='word_1_195' title='bbox 1109 3403 1137 3453; x_wconf 73' lang='grc'><strong>177</strong></span> <span class='ocrx_word' id='word_1_196' title='bbox 1154 3402 1268 3471; x_wconf 76' lang='grc' dir='ltr'><em>Δελφῶν</em></span> 
     </span>
     <span class='ocr_line' id='line_1_30' title="bbox 217 3481 1267 3558; baseline 0.006 -25"><span class='ocrx_word' id='word_1_197' title='bbox 217 3481 323 3552; x_wconf 80' lang='grc' dir='ltr'><em>Κάδμῳ</em></span> <span class='ocrx_word' id='word_1_198' title='bbox 340 3482 386 3547; x_wconf 82' lang='grc' dir='ltr'>17“)ν</span> <span class='ocrx_word' id='word_1_199' title='bbox 402 3482 447 3534; x_wconf 63' lang='lat' dir='ltr'><strong>{nl</strong></span> <span class='ocrx_word' id='word_1_200' title='bbox 465 3484 584 3536; x_wconf 76' lang='grc' dir='ltr'><em>φωκέων</em></span> <span class='ocrx_word' id='word_1_201' title='bbox 608 3486 672 3551; x_wconf 72' lang='grc' dir='ltr'><strong>ῥοῦς</strong></span> <span class='ocrx_word' id='word_1_202' title='bbox 698 3486 799 3552; x_wconf 74' lang='grc' dir='ltr'><em>γίνοιτο</em></span> <span class='ocrx_word' id='word_1_203' title='bbox 825 3483 935 3558; x_wconf 77' lang='grc' dir='ltr'><em>ἡγεμών</em></span> <span class='ocrx_word' id='word_1_204' title='bbox 958 3487 1002 3551; x_wconf 79' lang='grc' dir='ltr'><strong>τῆς</strong></span> <span class='ocrx_word' id='word_1_205' title='bbox 1026 3488 1148 3557; x_wconf 70' lang='grc' dir='ltr'><strong>πορείας,</strong></span> <span class='ocrx_word' id='word_1_206' title='bbox 1172 3487 1220 3552; x_wconf 73' lang='grc' dir='ltr'><strong>τὴν</strong></span> <span class='ocrx_word' id='word_1_207' title='bbox 1238 3485 1267 3540; x_wconf 75' lang='grc' dir='ltr'><strong>δὲ</strong></span> 
     </span>
     <span class='ocr_line' id='line_1_31' title="bbox 215 3564 1268 3640; baseline 0.007 -23"><span class='ocrx_word' id='word_1_208' title='bbox 215 3566 282 3631; x_wconf 75' lang='grc' dir='ltr'><em>βοῦν</em></span> <span class='ocrx_word' id='word_1_209' title='bbox 304 3564 396 3632; x_wconf 74' lang='grc' dir='ltr'><em>ταύτην</em></span> <span class='ocrx_word' id='word_1_210' title='bbox 418 3567 491 3637; x_wconf 74' lang='grc' dir='ltr'><em>παρὰ</em></span> <span class='ocrx_word' id='word_1_211' title='bbox 515 3568 651 3634; x_wconf 73' lang='grc' dir='ltr'><em>βουκόλων</em></span> <span class='ocrx_word' id='word_1_212' title='bbox 676 3571 749 3622; x_wconf 71' lang='lat' dir='ltr'><strong>alvan</strong></span> <span class='ocrx_word' id='word_1_213' title='bbox 772 3570 824 3623; x_wconf 71' lang='grc' dir='ltr'><strong>τῶν</strong></span> <span class='ocrx_word' id='word_1_214' title='bbox 843 3568 1006 3638; x_wconf 73' lang='grc' dir='ltr'><em>Πελάγοντος</em></span> <span class='ocrx_word' id='word_1_215' title='bbox 1031 3566 1142 3638; x_wconf 72' lang='grc' dir='ltr'><em>ὠνητήν·</em></span> <span class='ocrx_word' id='word_1_216' title='bbox 1171 3570 1215 3623; x_wconf 69' lang='grc'>1777</span> <span class='ocrx_word' id='word_1_217' title='bbox 1238 3568 1268 3640; x_wconf 73' lang='grc' dir='ltr'><strong>δὲ</strong></span> 
     </span>
     <span class='ocr_line' id='line_1_32' title="bbox 216 3649 1267 3762; baseline 0.008 -62"><span class='ocrx_word' id='word_1_218' title='bbox 216 3649 367 3721; x_wconf 74' lang='grc' dir='ltr'><strong>ἑκατέρᾳ</strong></span> <span class='ocrx_word' id='word_1_219' title='bbox 338 3669 382 3714; x_wconf 83' lang='grc' dir='ltr'><strong>7ης</strong></span> <span class='ocrx_word' id='word_1_220' title='bbox 397 3650 461 3717; x_wconf 73' lang='grc' dir='ltr'><strong>βοὸς</strong></span> <span class='ocrx_word' id='word_1_221' title='bbox 487 3652 587 3724; x_wconf 71' lang='grc' dir='ltr'><em>πλευρᾷ</em></span> <span class='ocrx_word' id='word_1_222' title='bbox 612 3656 724 3720; x_wconf 74' lang='grc' dir='ltr'><em>σημεῖον</em></span> <span class='ocrx_word' id='word_1_223' title='bbox 749 3655 851 3707; x_wconf 61' lang='lat' dir='ltr'><strong>infirm</strong></span> <span class='ocrx_word' id='word_1_224' title='bbox 875 3655 972 3708; x_wconf 57' lang='lat' dir='ltr'><strong>aaaron</strong></span> <span class='ocrx_word' id='word_1_225' title='bbox 997 3656 1156 3762; x_wconf 69' lang='grc' dir='ltr'><em>εἰκασμένον</em></span> <span class='ocrx_word' id='word_1_226' title='bbox 1180 3653 1267 3726; x_wconf 75' lang='grc' dir='ltr'><strong><em>κύκλῳ</em></strong></span> 
     </span>
     <span class='ocr_line' id='line_1_33' title="bbox 216 3731 658 3806; baseline 0.018 -21"><span class='ocrx_word' id='word_1_227' title='bbox 216 3732 259 3796; x_wconf 76' lang='grc' dir='ltr'><strong>τῆς</strong></span> <span class='ocrx_word' id='word_1_228' title='bbox 275 3731 415 3800; x_wconf 70' lang='grc' dir='ltr'><strong>σελῆν)ς’</strong></span> <span class='ocrx_word' id='word_1_229' title='bbox 403 3735 479 3788; x_wconf 74' lang='lat' dir='ltr'><strong>andra</strong></span> <span class='ocrx_word' id='word_1_230' title='bbox 496 3737 534 3801; x_wconf 75' lang='grc'>717)</span> <span class='ocrx_word' id='word_1_231' title='bbox 551 3734 658 3806; x_wconf 76' lang='grc' dir='ltr'><strong><em>πλήρης</em></strong></span> 
     </span>
    </p>

    <p class='ocr_par' dir='ltr' id='par_1_9' title="bbox 218 3823 1265 3977">
     <span class='ocr_line' id='line_1_34' title="bbox 250 3823 1265 3898; baseline 0.008 -21"><span class='ocrx_word' id='word_1_232' title='bbox 250 3823 325 3890; x_wconf 88' lang='grc'>(173)</span> <span class='ocrx_word' id='word_1_233' title='bbox 343 3826 379 3879; x_wconf 88' lang='lat' dir='ltr'><strong>de</strong></span> <span class='ocrx_word' id='word_1_234' title='bbox 392 3825 535 3894; x_wconf 76' lang='lat' dir='ltr'><strong>Euripidis</strong></span> <span class='ocrx_word' id='word_1_235' title='bbox 554 3826 733 3882; x_wconf 84' lang='lat' dir='ltr'><strong>Phoenissis.</strong></span> <span class='ocrx_word' id='word_1_236' title='bbox 759 3829 829 3884; x_wconf 83' lang='lat' dir='ltr'><strong>diss.</strong></span> <span class='ocrx_word' id='word_1_237' title='bbox 846 3830 940 3884; x_wconf 85' lang='lat' dir='ltr'><strong>Berol.</strong></span> <span class='ocrx_word' id='word_1_238' title='bbox 962 3832 1031 3885; x_wconf 84' lang='lat'>1884</span> <span class='ocrx_word' id='word_1_239' title='bbox 1049 3844 1077 3898; x_wconf 91' lang='lat' dir='ltr'><strong>p</strong></span> <span class='ocrx_word' id='word_1_240' title='bbox 1087 3829 1184 3887; x_wconf 87' lang='grc'>8-16</span> <span class='ocrx_word' id='word_1_241' title='bbox 1211 3833 1265 3885; x_wconf 86' lang='grc'>171171</span> 
     </span>
     <span class='ocr_line' id='line_1_35' title="bbox 218 3906 941 3977; baseline 0.007 -17"><span class='ocrx_word' id='word_1_242' title='bbox 218 3906 342 3961; x_wconf 86' lang='lat' dir='ltr'><strong>Crusius</strong></span> <span class='ocrx_word' id='word_1_243' title='bbox 361 3910 378 3962; x_wconf 91' lang='lat' dir='ltr'><strong>l.</strong></span> <span class='ocrx_word' id='word_1_244' title='bbox 397 3910 414 3962; x_wconf 89' lang='lat'><strong>1.</strong></span> <span class='ocrx_word' id='word_1_245' title='bbox 433 3908 544 3977; x_wconf 90' lang='lat' dir='ltr'><strong>Spironi</strong></span> <span class='ocrx_word' id='word_1_246' title='bbox 564 3912 610 3967; x_wconf 87' lang='lat' dir='ltr'><strong>hic</strong></span> <span class='ocrx_word' id='word_1_247' title='bbox 628 3913 686 3967; x_wconf 88' lang='lat' dir='ltr'><strong>illic</strong></span> <span class='ocrx_word' id='word_1_248' title='bbox 703 3915 871 3968; x_wconf 84' lang='lat' dir='ltr'><strong>adversatus</strong></span> <span class='ocrx_word' id='word_1_249' title='bbox 889 3921 941 3968; x_wconf 90' lang='lat' dir='ltr'><strong>est.</strong></span> 
     </span>
    </p>
   </div>
   <div class='ocr_carea' id='block_1_8' title="bbox 0 0 1494 4546">
    <p class='ocr_par' dir='ltr' id='par_1_10' title="bbox 0 0 1494 4546">
     <span class='ocr_line' id='line_1_36' title="bbox 0 0 1494 4546; baseline 0 0"><span class='ocrx_word' id='word_1_250' title='bbox 0 0 1494 4546; x_wconf 95' lang='lat' dir='ltr'><strong> </strong></span> 
     </span>
    </p>
   </div>
  </div>
 </body>
</html>
