<?xml version="1.0" encoding="UTF-8"?>
<!DOCTYPE html PUBLIC "-//W3C//DTD XHTML 1.0 Transitional//EN"
    "http://www.w3.org/TR/xhtml1/DTD/xhtml1-transitional.dtd">
<html xmlns="http://www.w3.org/1999/xhtml" xml:lang="en" lang="en">
 <head>
  <title>
</title>
<meta http-equiv="Content-Type" content="text/html;charset=utf-8" />
  <meta name='ocr-system' content='tesseract 3.04.00' />
  <meta name='ocr-capabilities' content='ocr_page ocr_carea ocr_par ocr_line ocrx_word'/>
</head>
<body>
  <div class='ocr_page' id='page_1' title='image "./deovidimythopoe00vollgoog_0094.png"; bbox 0 0 2978 4546; ppageno 0'>
   <div class='ocr_carea' id='block_1_1' title="bbox 683 359 802 468">
    <p class='ocr_par' dir='ltr' id='par_1_1' title="bbox 683 359 802 468">
     <span class='ocr_line' id='line_1_1' title="bbox 683 359 802 468; baseline 0.017 -2"><span class='ocrx_word' id='word_1_1' title='bbox 683 359 802 468; x_wconf 81' lang='lat' dir='ltr'><strong>(it)</strong></span> 
     </span>
    </p>
   </div>
   <div class='ocr_carea' id='block_1_2' title="bbox 193 533 1273 2256">
    <p class='ocr_par' dir='ltr' id='par_1_2' title="bbox 193 533 1273 2256">
     <span class='ocr_line' id='line_1_2' title="bbox 217 533 1267 618; baseline 0 -16"><span class='ocrx_word' id='word_1_2' title='bbox 217 535 399 604; x_wconf 85' lang='lat' dir='ltr'><strong>Boeotiam</strong></span> <span class='ocrx_word' id='word_1_3' title='bbox 431 535 592 603; x_wconf 86' lang='lat' dir='ltr'><strong>deducta.</strong></span> <span class='ocrx_word' id='word_1_4' title='bbox 609 535 678 602; x_wconf 79' lang='lat' dir='ltr'><strong>sit?</strong></span> <span class='ocrx_word' id='word_1_5' title='bbox 715 536 857 602; x_wconf 91' lang='lat' dir='ltr'><strong>minime</strong></span> <span class='ocrx_word' id='word_1_6' title='bbox 884 533 1046 618; x_wconf 85' lang='lat' dir='ltr'><strong>gentium.</strong></span> <span class='ocrx_word' id='word_1_7' title='bbox 1062 555 1068 596; x_wconf 80' lang='lat' dir='ltr'><strong>t</strong></span> <span class='ocrx_word' id='word_1_8' title='bbox 1090 533 1267 602; x_wconf 77' lang='lat' dir='ltr'><strong>talicerte</strong></span> 
     </span>
     <span class='ocr_line' id='line_1_3' title="bbox 193 641 1268 728; baseline -0.001 -17"><span class='ocrx_word' id='word_1_9' title='bbox 193 671 195 675; x_wconf 45' lang='lat'><em>⁷</em></span> <span class='ocrx_word' id='word_1_10' title='bbox 218 646 413 713; x_wconf 89' lang='lat' dir='ltr'><strong>testimonio</strong></span> <span class='ocrx_word' id='word_1_11' title='bbox 437 661 502 728; x_wconf 93' lang='lat' dir='ltr'><strong>pro</strong></span> <span class='ocrx_word' id='word_1_12' title='bbox 526 641 750 711; x_wconf 81' lang='lat' dir='ltr'><strong>fundamento</strong></span> <span class='ocrx_word' id='word_1_13' title='bbox 774 645 821 711; x_wconf 92' lang='lat' dir='ltr'><strong>uti</strong></span> <span class='ocrx_word' id='word_1_14' title='bbox 845 661 966 728; x_wconf 90' lang='lat' dir='ltr'><strong>parum</strong></span> <span class='ocrx_word' id='word_1_15' title='bbox 991 656 1100 711; x_wconf 91' lang='lat' dir='ltr'><strong>tutum</strong></span> <span class='ocrx_word' id='word_1_16' title='bbox 1120 643 1268 710; x_wconf 76' lang='lat' dir='ltr'><strong>ridetur.</strong></span> 
     </span>
     <span class='ocr_line' id='line_1_4' title="bbox 216 750 1269 837; baseline -0.001 -16"><span class='ocrx_word' id='word_1_17' title='bbox 216 768 248 821; x_wconf 91' lang='lat' dir='ltr'><strong>at</strong></span> <span class='ocrx_word' id='word_1_18' title='bbox 289 752 531 822; x_wconf 83' lang='lat' dir='ltr'><strong>Antimachum</strong></span> <span class='ocrx_word' id='word_1_19' title='bbox 573 750 837 837; x_wconf 88' lang='lat' dir='ltr'>Colophonium</span> <span class='ocrx_word' id='word_1_20' title='bbox 880 754 1045 822; x_wconf 88' lang='lat' dir='ltr'><strong>novimus.</strong></span> <span class='ocrx_word' id='word_1_21' title='bbox 1083 753 1269 837; x_wconf 83' lang='lat' dir='ltr'><strong>scripsisse</strong></span> 
     </span>
     <span class='ocr_line' id='line_1_5' title="bbox 216 860 1269 948; baseline 0 -19"><span class='ocrx_word' id='word_1_22' title='bbox 216 862 391 948; x_wconf 81' lang='lat' dir='ltr'>Europam</span> <span class='ocrx_word' id='word_1_23' title='bbox 415 879 434 928; x_wconf 87' lang='lat' dir='ltr'><strong>a</strong></span> <span class='ocrx_word' id='word_1_24' title='bbox 457 861 539 929; x_wconf 93' lang='lat' dir='ltr'><strong>Iove</strong></span> <span class='ocrx_word' id='word_1_25' title='bbox 562 864 595 929; x_wconf 93' lang='lat' dir='ltr'><strong>in</strong></span> <span class='ocrx_word' id='word_1_26' title='bbox 619 862 786 946; x_wconf 87' lang='lat' dir='ltr'><strong>spelunca</strong></span> <span class='ocrx_word' id='word_1_27' title='bbox 815 864 942 930; x_wconf 89' lang='lat' dir='ltr'><strong>montis</strong></span> <span class='ocrx_word' id='word_1_28' title='bbox 964 860 1129 930; x_wconf 84' lang='lat' dir='ltr'><strong>Teumesi</strong></span> <span class='ocrx_word' id='word_1_29' title='bbox 1157 878 1269 946; x_wconf 91' lang='lat' dir='ltr'><strong>prope</strong></span> 
     </span>
     <span class='ocr_line' id='line_1_6' title="bbox 216 969 1271 1055; baseline -0.003 -16"><span class='ocrx_word' id='word_1_30' title='bbox 216 992 234 1039; x_wconf 90' lang='lat' dir='ltr'><strong>a</strong></span> <span class='ocrx_word' id='word_1_31' title='bbox 257 970 388 1040; x_wconf 88' lang='lat' dir='ltr'><strong>Thebis</strong></span> <span class='ocrx_word' id='word_1_32' title='bbox 414 970 563 1039; x_wconf 90' lang='lat' dir='ltr'><strong>abditam</strong></span> <span class='ocrx_word' id='word_1_33' title='bbox 592 989 672 1039; x_wconf 93' lang='lat' dir='ltr'><strong>esse</strong></span> <span class='ocrx_word' id='word_1_34' title='bbox 696 969 809 1055; x_wconf 84' lang='lat'><strong>(182).</strong></span> <span class='ocrx_word' id='word_1_35' title='bbox 853 972 935 1039; x_wconf 92' lang='lat' dir='ltr'><strong>vide</strong></span> <span class='ocrx_word' id='word_1_36' title='bbox 962 984 1147 1038; x_wconf 90' lang='lat' dir='ltr'><strong>tamenne</strong></span> <span class='ocrx_word' id='word_1_37' title='bbox 1174 969 1271 1038; x_wconf 87' lang='lat' dir='ltr'><strong>Anti·</strong></span> 
     </span>
     <span class='ocr_line' id='line_1_7' title="bbox 217 1079 1269 1166; baseline -0.003 -18"><span class='ocrx_word' id='word_1_38' title='bbox 217 1079 361 1148; x_wconf 86' lang='lat' dir='ltr'><strong>machus</strong></span> <span class='ocrx_word' id='word_1_39' title='bbox 384 1098 454 1147; x_wconf 91' lang='lat' dir='ltr'><strong>suo</strong></span> <span class='ocrx_word' id='word_1_40' title='bbox 472 1079 585 1148; x_wconf 87' lang='lat' dir='ltr'><strong>Marte</strong></span> <span class='ocrx_word' id='word_1_41' title='bbox 607 1079 649 1148; x_wconf 87' lang='lat' dir='ltr'><strong>ab</strong></span> <span class='ocrx_word' id='word_1_42' title='bbox 672 1083 809 1166; x_wconf 84' lang='lat' dir='ltr'><strong>antiqua</strong></span> <span class='ocrx_word' id='word_1_43' title='bbox 844 1082 1039 1149; x_wconf 77' lang='lat' dir='ltr'><strong>narratione</strong></span> <span class='ocrx_word' id='word_1_44' title='bbox 1074 1081 1269 1146; x_wconf 82' lang='lat' dir='ltr'><strong>recesserit.</strong></span> 
     </span>
     <span class='ocr_line' id='line_1_8' title="bbox 217 1187 1270 1275; baseline -0.002 -19"><span class='ocrx_word' id='word_1_45' title='bbox 217 1189 316 1256; x_wconf 90' lang='lat' dir='ltr'><strong>cuius</strong></span> <span class='ocrx_word' id='word_1_46' title='bbox 340 1191 537 1257; x_wconf 90' lang='lat' dir='ltr'><strong>mutationis</strong></span> <span class='ocrx_word' id='word_1_47' title='bbox 561 1192 646 1258; x_wconf 90' lang='lat' dir='ltr'><strong>ratio</strong></span> <span class='ocrx_word' id='word_1_48' title='bbox 663 1209 733 1258; x_wconf 97' lang='lat' dir='ltr'><strong>non</strong></span> <span class='ocrx_word' id='word_1_49' title='bbox 749 1190 815 1258; x_wconf 90' lang='lat' dir='ltr'><strong>alte</strong></span> <span class='ocrx_word' id='word_1_50' title='bbox 831 1190 980 1275; x_wconf 87' lang='lat' dir='ltr'><strong>petenda</strong></span> <span class='ocrx_word' id='word_1_51' title='bbox 996 1202 1099 1257; x_wconf 89' lang='lat' dir='ltr'><strong>esset.</strong></span> <span class='ocrx_word' id='word_1_52' title='bbox 1132 1187 1270 1273; x_wconf 90' lang='lat' dir='ltr'><strong>Europa</strong></span> 
     </span>
     <span class='ocr_line' id='line_1_9' title="bbox 216 1295 1269 1382; baseline -0.001 -16"><span class='ocrx_word' id='word_1_53' title='bbox 216 1300 308 1366; x_wconf 92' lang='lat' dir='ltr'><strong>enim</strong></span> <span class='ocrx_word' id='word_1_54' title='bbox 325 1300 354 1365; x_wconf 92' lang='lat' dir='ltr'><strong>si</strong></span> <span class='ocrx_word' id='word_1_55' title='bbox 371 1316 440 1366; x_wconf 95' lang='lat' dir='ltr'><strong>non</strong></span> <span class='ocrx_word' id='word_1_56' title='bbox 457 1300 492 1366; x_wconf 94' lang='lat' dir='ltr'><strong>in</strong></span> <span class='ocrx_word' id='word_1_57' title='bbox 509 1296 651 1368; x_wconf 90' lang='lat' dir='ltr'><strong>Cretam</strong></span> <span class='ocrx_word' id='word_1_58' title='bbox 668 1299 859 1382; x_wconf 74' lang='lat' dir='ltr'><strong>deveniret,</strong></span> <span class='ocrx_word' id='word_1_59' title='bbox 879 1298 1027 1367; x_wconf 89' lang='lat' dir='ltr'><strong>heroum</strong></span> <span class='ocrx_word' id='word_1_60' title='bbox 1045 1295 1269 1368; x_wconf 85' lang='lat' dir='ltr'><strong>Cretensium</strong></span> 
     </span>
     <span class='ocr_line' id='line_1_10' title="bbox 216 1404 1272 1493; baseline 0 -19"><span class='ocrx_word' id='word_1_61' title='bbox 216 1421 325 1475; x_wconf 91' lang='lat' dir='ltr'><strong>mater</strong></span> <span class='ocrx_word' id='word_1_62' title='bbox 347 1404 421 1475; x_wconf 89' lang='lat' dir='ltr'><strong>fieri</strong></span> <span class='ocrx_word' id='word_1_63' title='bbox 445 1424 514 1475; x_wconf 97' lang='lat' dir='ltr'><strong>non</strong></span> <span class='ocrx_word' id='word_1_64' title='bbox 538 1422 682 1493; x_wconf 88' lang='lat' dir='ltr'><strong>poterat.</strong></span> <span class='ocrx_word' id='word_1_65' title='bbox 724 1407 820 1476; x_wconf 91' lang='lat' dir='ltr'><strong>multi</strong></span> <span class='ocrx_word' id='word_1_66' title='bbox 844 1409 903 1476; x_wconf 91' lang='lat' dir='ltr'><strong>diu</strong></span> <span class='ocrx_word' id='word_1_67' title='bbox 927 1408 1143 1491; x_wconf 85' lang='lat' dir='ltr'><strong>multumque</strong></span> <span class='ocrx_word' id='word_1_68' title='bbox 1167 1424 1272 1490; x_wconf 88' lang='lat' dir='ltr'><strong>quae·</strong></span> 
     </span>
     <span class='ocr_line' id='line_1_11' title="bbox 215 1516 1272 1601; baseline -0.001 -18"><span class='ocrx_word' id='word_1_69' title='bbox 215 1519 371 1585; x_wconf 85' lang='lat' dir='ltr'><strong>siverunt</strong></span> <span class='ocrx_word' id='word_1_70' title='bbox 395 1535 563 1601; x_wconf 83' lang='lat' dir='ltr'><strong>quaenam</strong></span> <span class='ocrx_word' id='word_1_71' title='bbox 581 1517 663 1585; x_wconf 91' lang='lat' dir='ltr'><strong>olim</strong></span> <span class='ocrx_word' id='word_1_72' title='bbox 681 1516 809 1586; x_wconf 90' lang='lat' dir='ltr'><strong>iuerint</strong></span> <span class='ocrx_word' id='word_1_73' title='bbox 829 1517 966 1586; x_wconf 89' lang='lat' dir='ltr'><strong>vincula</strong></span> <span class='ocrx_word' id='word_1_74' title='bbox 983 1517 1166 1586; x_wconf 91' lang='lat' dir='ltr'><strong>Boeotiam</strong></span> <span class='ocrx_word' id='word_1_75' title='bbox 1183 1518 1272 1583; x_wconf 90' lang='lat' dir='ltr'><strong>inter</strong></span> 
     </span>
     <span class='ocr_line' id='line_1_12' title="bbox 217 1624 1271 1712; baseline -0.002 -20"><span class='ocrx_word' id='word_1_76' title='bbox 217 1640 251 1693; x_wconf 92' lang='lat' dir='ltr'><strong>et</strong></span> <span class='ocrx_word' id='word_1_77' title='bbox 272 1624 414 1696; x_wconf 90' lang='lat' dir='ltr'><strong>Cretam</strong></span> <span class='ocrx_word' id='word_1_78' title='bbox 440 1625 543 1710; x_wconf 86' lang='grc'><strong>(183)</strong></span> <span class='ocrx_word' id='word_1_79' title='bbox 572 1646 687 1712; x_wconf 86' lang='lat' dir='ltr'><strong>neque</strong></span> <span class='ocrx_word' id='word_1_80' title='bbox 711 1627 818 1694; x_wconf 93' lang='lat' dir='ltr'><strong>ullum</strong></span> <span class='ocrx_word' id='word_1_81' title='bbox 843 1645 1054 1712; x_wconf 91' lang='lat' dir='ltr'><strong>responsum</strong></span> <span class='ocrx_word' id='word_1_82' title='bbox 1079 1628 1195 1695; x_wconf 89' lang='lat' dir='ltr'><strong>datum</strong></span> <span class='ocrx_word' id='word_1_83' title='bbox 1219 1637 1271 1692; x_wconf 88' lang='lat' dir='ltr'><strong>est</strong></span> 
     </span>
     <span class='ocr_line' id='line_1_13' title="bbox 217 1732 1271 1819; baseline -0.001 -19"><span class='ocrx_word' id='word_1_84' title='bbox 217 1735 312 1818; x_wconf 89' lang='lat' dir='ltr'><strong>quod</strong></span> <span class='ocrx_word' id='word_1_85' title='bbox 330 1734 468 1819; x_wconf 90' lang='lat' dir='ltr'><strong>placere</strong></span> <span class='ocrx_word' id='word_1_86' title='bbox 492 1738 603 1819; x_wconf 89' lang='lat' dir='ltr'><strong>possit</strong></span> <span class='ocrx_word' id='word_1_87' title='bbox 619 1732 733 1818; x_wconf 84' lang='lat'><strong>(184).</strong></span> <span class='ocrx_word' id='word_1_88' title='bbox 767 1748 891 1818; x_wconf 83' lang='lat' dir='ltr'><strong>poetae</strong></span> <span class='ocrx_word' id='word_1_89' title='bbox 912 1752 1000 1801; x_wconf 93' lang='lat' dir='ltr'><strong>vero</strong></span> <span class='ocrx_word' id='word_1_90' title='bbox 1016 1734 1147 1802; x_wconf 90' lang='lat' dir='ltr'><strong>saeculi</strong></span> <span class='ocrx_word' id='word_1_91' title='bbox 1163 1735 1271 1817; x_wconf 86' lang='lat' dir='ltr'><strong>quinti</strong></span> 
     </span>
     <span class='ocr_line' id='line_1_14' title="bbox 218 1841 1273 1927; baseline -0.003 -16"><span class='ocrx_word' id='word_1_92' title='bbox 218 1846 276 1926; x_wconf 84' lang='lat' dir='ltr'><strong>qui</strong></span> <span class='ocrx_word' id='word_1_93' title='bbox 301 1861 441 1912; x_wconf 90' lang='lat' dir='ltr'><strong>carmen</strong></span> <span class='ocrx_word' id='word_1_94' title='bbox 465 1846 603 1927; x_wconf 93' lang='lat' dir='ltr'><strong>epicum</strong></span> <span class='ocrx_word' id='word_1_95' title='bbox 627 1844 831 1910; x_wconf 89' lang='lat' dir='ltr'><strong>conditurus</strong></span> <span class='ocrx_word' id='word_1_96' title='bbox 847 1855 1087 1926; x_wconf 81' lang='lat' dir='ltr'><strong>argumentum</strong></span> <span class='ocrx_word' id='word_1_97' title='bbox 1110 1841 1175 1910; x_wconf 92' lang='lat' dir='ltr'><strong>sibi</strong></span> <span class='ocrx_word' id='word_1_98' title='bbox 1191 1860 1273 1927; x_wconf 89' lang='lat' dir='ltr'><strong>pro·</strong></span> 
     </span>
     <span class='ocr_line' id='line_1_15' title="bbox 218 1950 1271 2037; baseline -0.001 -18"><span class='ocrx_word' id='word_1_99' title='bbox 218 1966 381 2036; x_wconf 86' lang='lat' dir='ltr'><strong>spexerat</strong></span> <span class='ocrx_word' id='word_1_100' title='bbox 396 1971 416 2020; x_wconf 99' lang='lat' dir='ltr'><strong>e</strong></span> <span class='ocrx_word' id='word_1_101' title='bbox 431 1951 649 2037; x_wconf 88' lang='lat' dir='ltr'><strong>temporibus</strong></span> <span class='ocrx_word' id='word_1_102' title='bbox 665 1950 837 2036; x_wconf 87' lang='lat' dir='ltr'><strong>mythicis,</strong></span> <span class='ocrx_word' id='word_1_103' title='bbox 856 1951 1141 2020; x_wconf 90' lang='lat' dir='ltr'><strong>molestissimum</strong></span> <span class='ocrx_word' id='word_1_104' title='bbox 1156 1954 1271 2020; x_wconf 91' lang='lat' dir='ltr'><strong>visum</strong></span> 
     </span>
     <span class='ocr_line' id='line_1_16' title="bbox 218 2058 1271 2130; baseline -0.002 -2"><span class='ocrx_word' id='word_1_105' title='bbox 218 2080 297 2129; x_wconf 92' lang='lat' dir='ltr'><strong>esse</strong></span> <span class='ocrx_word' id='word_1_106' title='bbox 322 2061 531 2130; x_wconf 89' lang='lat' dir='ltr'><strong>crediderim</strong></span> <span class='ocrx_word' id='word_1_107' title='bbox 555 2060 679 2129; x_wconf 89' lang='lat' dir='ltr'><strong>sedulo</strong></span> <span class='ocrx_word' id='word_1_108' title='bbox 703 2074 737 2128; x_wconf 93' lang='lat' dir='ltr'><strong>et</strong></span> <span class='ocrx_word' id='word_1_109' title='bbox 759 2061 883 2129; x_wconf 90' lang='lat' dir='ltr'><strong>ordine</strong></span> <span class='ocrx_word' id='word_1_110' title='bbox 906 2079 1069 2129; x_wconf 89' lang='lat' dir='ltr'><strong>enarrare</strong></span> <span class='ocrx_word' id='word_1_111' title='bbox 1096 2058 1271 2130; x_wconf 90' lang='lat' dir='ltr'><strong>Creticam</strong></span> 
     </span>
     <span class='ocr_line' id='line_1_17' title="bbox 219 2168 1272 2256; baseline -0.003 -18"><span class='ocrx_word' id='word_1_112' title='bbox 219 2171 362 2255; x_wconf 86' lang='lat' dir='ltr'><strong>stirpem</strong></span> <span class='ocrx_word' id='word_1_113' title='bbox 386 2169 557 2256; x_wconf 88' lang='lat' dir='ltr'><strong>Europae,</strong></span> <span class='ocrx_word' id='word_1_114' title='bbox 592 2188 670 2237; x_wconf 90' lang='lat' dir='ltr'><strong>cum</strong></span> <span class='ocrx_word' id='word_1_115' title='bbox 704 2170 748 2237; x_wconf 90' lang='lat' dir='ltr'><strong>ad</strong></span> <span class='ocrx_word' id='word_1_116' title='bbox 772 2189 828 2238; x_wconf 89' lang='lat' dir='ltr'><strong>res</strong></span> <span class='ocrx_word' id='word_1_117' title='bbox 851 2168 1034 2238; x_wconf 88' lang='lat' dir='ltr'><strong>Thebanas</strong></span> <span class='ocrx_word' id='word_1_118' title='bbox 1057 2183 1272 2255; x_wconf 88' lang='lat' dir='ltr'><strong>properaret.</strong></span> 
     </span>
    </p>
   </div>
   <div class='ocr_carea' id='block_1_3' title="bbox 218 2276 1274 2473">
    <p class='ocr_par' dir='ltr' id='par_1_3' title="bbox 218 2276 1274 2473">
     <span class='ocr_line' id='line_1_18' title="bbox 219 2276 1274 2366; baseline -0.002 -20"><span class='ocrx_word' id='word_1_119' title='bbox 219 2292 433 2364; x_wconf 86' lang='lat' dir='ltr'><strong>quapropter</strong></span> <span class='ocrx_word' id='word_1_120' title='bbox 454 2281 567 2347; x_wconf 88' lang='lat' dir='ltr'><strong>virum</strong></span> <span class='ocrx_word' id='word_1_121' title='bbox 591 2281 750 2364; x_wconf 88' lang='lat' dir='ltr'><strong>quamvis</strong></span> <span class='ocrx_word' id='word_1_122' title='bbox 772 2276 929 2366; x_wconf 70' lang='lat' dir='ltr'><strong>neoterio</strong></span> <span class='ocrx_word' id='word_1_123' title='bbox 949 2280 1003 2344; x_wconf 75' lang='grc' dir='ltr'><strong>καὶ</strong></span> <span class='ocrx_word' id='word_1_124' title='bbox 1026 2276 1203 2363; x_wconf 54' lang='grc' dir='ltr'><em>ἀδολέσχην</em></span> <span class='ocrx_word' id='word_1_125' title='bbox 1227 2276 1274 2345; x_wconf 85' lang='lat' dir='ltr'><strong>ia·</strong></span> 
     </span>
     <span class='ocr_line' id='line_1_19' title="bbox 218 2386 1272 2473; baseline -0.001 -18"><span class='ocrx_word' id='word_1_126' title='bbox 218 2386 333 2456; x_wconf 90' lang='lat' dir='ltr'><strong>hulam</strong></span> <span class='ocrx_word' id='word_1_127' title='bbox 367 2389 523 2457; x_wconf 87' lang='lat' dir='ltr'><strong>traditam</strong></span> <span class='ocrx_word' id='word_1_128' title='bbox 557 2391 774 2457; x_wconf 89' lang='lat' dir='ltr'><strong>contraxisse</strong></span> <span class='ocrx_word' id='word_1_129' title='bbox 798 2389 947 2456; x_wconf 89' lang='lat' dir='ltr'><strong>arbitror</strong></span> <span class='ocrx_word' id='word_1_130' title='bbox 972 2402 1075 2473; x_wconf 89' lang='lat' dir='ltr'><strong>atque</strong></span> <span class='ocrx_word' id='word_1_131' title='bbox 1097 2388 1272 2470; x_wconf 90' lang='lat' dir='ltr'><strong>Europam</strong></span> 
     </span>
    </p>
   </div>
   <div class='ocr_carea' id='block_1_4' title="bbox 220 2719 1275 2872">
    <p class='ocr_par' dir='ltr' id='par_1_4' title="bbox 220 2719 1275 2872">
     <span class='ocr_line' id='line_1_20' title="bbox 253 2719 1275 2790; baseline 0.002 -17"><span class='ocrx_word' id='word_1_132' title='bbox 253 2719 328 2786; x_wconf 80' lang='lat'><strong>(182)</strong></span> <span class='ocrx_word' id='word_1_133' title='bbox 348 2719 445 2789; x_wconf 88' lang='lat' dir='ltr'><strong>Steph.</strong></span> <span class='ocrx_word' id='word_1_134' title='bbox 465 2721 532 2787; x_wconf 86' lang='lat' dir='ltr'><strong>Byz.</strong></span> <span class='ocrx_word' id='word_1_135' title='bbox 555 2735 579 2772; x_wconf 90' lang='lat' dir='ltr'><strong>s.</strong></span> <span class='ocrx_word' id='word_1_136' title='bbox 596 2736 623 2773; x_wconf 91' lang='lat' dir='ltr'><strong>v.</strong></span> <span class='ocrx_word' id='word_1_137' title='bbox 648 2719 805 2790; x_wconf 76' lang='grc' dir='ltr'><strong><em>Τευμησσός.</em></strong></span> <span class='ocrx_word' id='word_1_138' title='bbox 841 2720 878 2773; x_wconf 87' lang='lat' dir='ltr'><strong>ci.</strong></span> <span class='ocrx_word' id='word_1_139' title='bbox 899 2720 981 2774; x_wconf 87' lang='lat' dir='ltr'><strong>Paus.</strong></span> <span class='ocrx_word' id='word_1_140' title='bbox 1003 2719 1046 2773; x_wconf 88' lang='lat' dir='ltr'><strong>IX.</strong></span> <span class='ocrx_word' id='word_1_141' title='bbox 1070 2721 1109 2774; x_wconf 84' lang='grc'><strong>19.</strong></span> <span class='ocrx_word' id='word_1_142' title='bbox 1132 2722 1153 2774; x_wconf 93' lang='grc'><strong>1.</strong></span> <span class='ocrx_word' id='word_1_143' title='bbox 1189 2720 1275 2776; x_wconf 76' lang='lat' dir='ltr'><strong>Arist.</strong></span> 
     </span>
     <span class='ocr_line' id='line_1_21' title="bbox 220 2802 934 2872; baseline 0 -15"><span class='ocrx_word' id='word_1_144' title='bbox 220 2805 290 2857; x_wconf 88' lang='lat' dir='ltr'><strong>rhet.</strong></span> <span class='ocrx_word' id='word_1_145' title='bbox 311 2811 332 2856; x_wconf 83' lang='grc' dir='ltr'>Γ</span> <span class='ocrx_word' id='word_1_146' title='bbox 349 2820 375 2872; x_wconf 91' lang='lat' dir='ltr'><strong>p.</strong></span> <span class='ocrx_word' id='word_1_147' title='bbox 391 2802 521 2858; x_wconf 76' lang='grc'><strong>140812.</strong></span> <span class='ocrx_word' id='word_1_148' title='bbox 932 2831 934 2834; x_wconf 57' lang='lat'>&lt;</span> 
     </span>
    </p>
   </div>
   <div class='ocr_carea' id='block_1_5' title="bbox 220 2901 1278 3140">
    <p class='ocr_par' dir='ltr' id='par_1_5' title="bbox 220 2901 1278 3140">
     <span class='ocr_line' id='line_1_22' title="bbox 254 2901 1278 2970; baseline 0.002 -13"><span class='ocrx_word' id='word_1_149' title='bbox 254 2901 329 2970; x_wconf 80' lang='grc'><strong>(183)</strong></span> <span class='ocrx_word' id='word_1_150' title='bbox 348 2919 373 2958; x_wconf 91' lang='lat' dir='ltr'><strong>v.</strong></span> <span class='ocrx_word' id='word_1_151' title='bbox 391 2903 536 2968; x_wconf 74' lang='lat' dir='ltr'><strong>Weidner,</strong></span> <span class='ocrx_word' id='word_1_152' title='bbox 567 2903 638 2958; x_wconf 82' lang='lat' dir='ltr'><strong>tiber</strong></span> <span class='ocrx_word' id='word_1_153' title='bbox 665 2905 731 2959; x_wconf 90' lang='lat' dir='ltr'><strong>eine</strong></span> <span class='ocrx_word' id='word_1_154' title='bbox 758 2905 911 2960; x_wconf 89' lang='lat' dir='ltr'><strong>Kretische</strong></span> <span class='ocrx_word' id='word_1_155' title='bbox 940 2905 1064 2960; x_wconf 91' lang='lat' dir='ltr'><strong>Kolonie</strong></span> <span class='ocrx_word' id='word_1_156' title='bbox 1092 2906 1120 2958; x_wconf 92' lang='lat' dir='ltr'><strong>in</strong></span> <span class='ocrx_word' id='word_1_157' title='bbox 1148 2903 1278 2959; x_wconf 83' lang='lat' dir='ltr'><strong>Theben.</strong></span> 
     </span>
     <span class='ocr_line' id='line_1_23' title="bbox 220 2985 1276 3056; baseline 0.002 -17"><span class='ocrx_word' id='word_1_158' title='bbox 220 3002 246 3054; x_wconf 93' lang='lat' dir='ltr'><strong>p.</strong></span> <span class='ocrx_word' id='word_1_159' title='bbox 268 2986 312 3040; x_wconf 78' lang='lat'><strong>43.</strong></span> <span class='ocrx_word' id='word_1_160' title='bbox 354 2986 389 3040; x_wconf 91' lang='lat' dir='ltr'><strong>H.</strong></span> <span class='ocrx_word' id='word_1_161' title='bbox 413 2986 447 3039; x_wconf 89' lang='lat' dir='ltr'><strong>D.</strong></span> <span class='ocrx_word' id='word_1_162' title='bbox 470 2985 589 3054; x_wconf 78' lang='lat' dir='ltr'><strong>Mulier,</strong></span> <span class='ocrx_word' id='word_1_163' title='bbox 618 2987 797 3056; x_wconf 86' lang='lat' dir='ltr'><strong>Mythologie</strong></span> <span class='ocrx_word' id='word_1_164' title='bbox 827 2989 878 3042; x_wconf 90' lang='lat' dir='ltr'><strong>der</strong></span> <span class='ocrx_word' id='word_1_165' title='bbox 906 2989 1108 3056; x_wconf 80' lang='lat' dir='ltr'><strong>griechischen</strong></span> <span class='ocrx_word' id='word_1_166' title='bbox 1138 2987 1276 3042; x_wconf 76' lang='lat' dir='ltr'><strong>stimme.</strong></span> 
     </span>
     <span class='ocr_line' id='line_1_24' title="bbox 220 3070 949 3140; baseline 0 -16"><span class='ocrx_word' id='word_1_167' title='bbox 220 3087 246 3136; x_wconf 91' lang='lat' dir='ltr'><strong>p.</strong></span> <span class='ocrx_word' id='word_1_168' title='bbox 263 3070 327 3125; x_wconf 80' lang='grc'><strong>2311.</strong></span> <span class='ocrx_word' id='word_1_169' title='bbox 356 3070 406 3124; x_wconf 91' lang='lat' dir='ltr'><strong>Ed.</strong></span> <span class='ocrx_word' id='word_1_170' title='bbox 424 3070 577 3137; x_wconf 87' lang='lat' dir='ltr'><strong>Schwartz,</strong></span> <span class='ocrx_word' id='word_1_171' title='bbox 597 3071 716 3140; x_wconf 88' lang='lat' dir='ltr'><strong>Quaest.</strong></span> <span class='ocrx_word' id='word_1_172' title='bbox 735 3071 841 3126; x_wconf 89' lang='lat' dir='ltr'><strong>Herod.</strong></span> <span class='ocrx_word' id='word_1_173' title='bbox 860 3085 886 3139; x_wconf 93' lang='lat' dir='ltr'><strong>p.</strong></span> <span class='ocrx_word' id='word_1_174' title='bbox 908 3072 949 3125; x_wconf 84' lang='grc'><strong>13.</strong></span> 
     </span>
    </p>
   </div>
   <div class='ocr_carea' id='block_1_6' title="bbox 220 3169 1278 3992">
    <p class='ocr_par' dir='ltr' id='par_1_6' title="bbox 220 3169 1278 3992">
     <span class='ocr_line' id='line_1_25' title="bbox 253 3169 1278 3242; baseline 0 -17"><span class='ocrx_word' id='word_1_175' title='bbox 253 3169 329 3239; x_wconf 82' lang='grc'><strong>(184)</strong></span> <span class='ocrx_word' id='word_1_176' title='bbox 348 3173 416 3239; x_wconf 90' lang='lat' dir='ltr'><strong>quid</strong></span> <span class='ocrx_word' id='word_1_177' title='bbox 429 3173 493 3240; x_wconf 88' lang='lat' dir='ltr'><strong>ipse</strong></span> <span class='ocrx_word' id='word_1_178' title='bbox 511 3174 633 3227; x_wconf 83' lang='lat' dir='ltr'><strong>sentiam</strong></span> <span class='ocrx_word' id='word_1_179' title='bbox 654 3173 752 3242; x_wconf 88' lang='lat' dir='ltr'><strong>paucis</strong></span> <span class='ocrx_word' id='word_1_180' title='bbox 766 3172 891 3227; x_wconf 91' lang='lat' dir='ltr'><strong>indicare</strong></span> <span class='ocrx_word' id='word_1_181' title='bbox 906 3172 997 3227; x_wconf 86' lang='lat' dir='ltr'><strong>liceat.</strong></span> <span class='ocrx_word' id='word_1_182' title='bbox 1026 3172 1153 3226; x_wconf 78' lang='lat' dir='ltr'><strong>fabulam</strong></span> <span class='ocrx_word' id='word_1_183' title='bbox 1173 3172 1208 3224; x_wconf 96' lang='lat' dir='ltr'><strong>de</strong></span> <span class='ocrx_word' id='word_1_184' title='bbox 1222 3185 1278 3238; x_wconf 91' lang='lat' dir='ltr'><strong>qua</strong></span> 
     </span>
     <span class='ocr_line' id='line_1_26' title="bbox 220 3253 1276 3325; baseline 0.002 -18"><span class='ocrx_word' id='word_1_185' title='bbox 220 3255 332 3322; x_wconf 85' lang='lat' dir='ltr'><strong>agimus</strong></span> <span class='ocrx_word' id='word_1_186' title='bbox 350 3257 417 3324; x_wconf 92' lang='lat' dir='ltr'><strong>quia</strong></span> <span class='ocrx_word' id='word_1_187' title='bbox 435 3266 530 3311; x_wconf 86' lang='lat' dir='ltr'><strong>natam</strong></span> <span class='ocrx_word' id='word_1_188' title='bbox 550 3271 617 3310; x_wconf 89' lang='lat' dir='ltr'><strong>esse</strong></span> <span class='ocrx_word' id='word_1_189' title='bbox 636 3256 784 3325; x_wconf 89' lang='lat' dir='ltr'><strong>probabile</strong></span> <span class='ocrx_word' id='word_1_190' title='bbox 803 3265 860 3323; x_wconf 92' lang='lat' dir='ltr'><strong>est,</strong></span> <span class='ocrx_word' id='word_1_191' title='bbox 887 3269 953 3311; x_wconf 89' lang='lat' dir='ltr'><strong>cum</strong></span> <span class='ocrx_word' id='word_1_192' title='bbox 974 3254 1104 3311; x_wconf 89' lang='lat' dir='ltr'><strong>Cadmus</strong></span> <span class='ocrx_word' id='word_1_193' title='bbox 1122 3253 1276 3310; x_wconf 88' lang='lat' dir='ltr'><strong>Thebanus</strong></span> 
     </span>
     <span class='ocr_line' id='line_1_27' title="bbox 221 3339 1278 3408; baseline 0.001 -16"><span class='ocrx_word' id='word_1_194' title='bbox 221 3352 286 3392; x_wconf 91' lang='lat' dir='ltr'><strong>cum</strong></span> <span class='ocrx_word' id='word_1_195' title='bbox 314 3347 404 3393; x_wconf 88' lang='lat' dir='ltr'><strong>matre</strong></span> <span class='ocrx_word' id='word_1_196' title='bbox 431 3355 531 3407; x_wconf 84' lang='lat' dir='ltr'><strong>regum</strong></span> <span class='ocrx_word' id='word_1_197' title='bbox 559 3339 745 3395; x_wconf 88' lang='lat' dir='ltr'><strong>Cretensium</strong></span> <span class='ocrx_word' id='word_1_198' title='bbox 774 3339 1032 3408; x_wconf 81' lang='lat' dir='ltr'><strong>consanguinitatis</strong></span> <span class='ocrx_word' id='word_1_199' title='bbox 1059 3339 1184 3393; x_wconf 88' lang='lat' dir='ltr'><strong>vinculis</strong></span> <span class='ocrx_word' id='word_1_200' title='bbox 1210 3353 1278 3394; x_wconf 92' lang='lat' dir='ltr'><strong>con-</strong></span> 
     </span>
     <span class='ocr_line' id='line_1_28' title="bbox 221 3421 1278 3492; baseline 0.001 -17"><span class='ocrx_word' id='word_1_201' title='bbox 221 3424 401 3490; x_wconf 87' lang='lat' dir='ltr'><strong>iungeretur,</strong></span> <span class='ocrx_word' id='word_1_202' title='bbox 427 3438 556 3492; x_wconf 91' lang='lat' dir='ltr'><strong>eposque</strong></span> <span class='ocrx_word' id='word_1_203' title='bbox 583 3425 619 3478; x_wconf 90' lang='lat' dir='ltr'><strong>de</strong></span> <span class='ocrx_word' id='word_1_204' title='bbox 636 3423 749 3492; x_wconf 89' lang='lat' dir='ltr'><strong>Europa</strong></span> <span class='ocrx_word' id='word_1_205' title='bbox 776 3433 803 3477; x_wconf 91' lang='lat' dir='ltr'><strong>et</strong></span> <span class='ocrx_word' id='word_1_206' title='bbox 822 3422 934 3478; x_wconf 89' lang='lat' dir='ltr'><strong>Cadmo</strong></span> <span class='ocrx_word' id='word_1_207' title='bbox 953 3424 982 3478; x_wconf 91' lang='lat' dir='ltr'><strong>in</strong></span> <span class='ocrx_word' id='word_1_208' title='bbox 1001 3421 1079 3477; x_wconf 87' lang='lat' dir='ltr'><strong>Ionia</strong></span> <span class='ocrx_word' id='word_1_209' title='bbox 1097 3429 1190 3476; x_wconf 91' lang='lat' dir='ltr'><strong>ortum</strong></span> <span class='ocrx_word' id='word_1_210' title='bbox 1210 3437 1278 3476; x_wconf 90' lang='lat' dir='ltr'><strong>esse</strong></span> 
     </span>
     <span class='ocr_line' id='line_1_29' title="bbox 221 3506 1277 3574; baseline -0.001 -15"><span class='ocrx_word' id='word_1_211' title='bbox 221 3507 337 3560; x_wconf 89' lang='lat' dir='ltr'><strong>aliunde</strong></span> <span class='ocrx_word' id='word_1_212' title='bbox 354 3513 444 3574; x_wconf 85' lang='lat' dir='ltr'><strong>patet,</strong></span> <span class='ocrx_word' id='word_1_213' title='bbox 469 3520 536 3560; x_wconf 89' lang='lat' dir='ltr'><strong>meo</strong></span> <span class='ocrx_word' id='word_1_214' title='bbox 560 3506 622 3561; x_wconf 90' lang='lat' dir='ltr'><strong>iure</strong></span> <span class='ocrx_word' id='word_1_215' title='bbox 646 3507 758 3562; x_wconf 90' lang='lat' dir='ltr'><strong>conicio</strong></span> <span class='ocrx_word' id='word_1_216' title='bbox 783 3521 888 3562; x_wconf 81' lang='lat' dir='ltr'><strong>novem</strong></span> <span class='ocrx_word' id='word_1_217' title='bbox 909 3506 1035 3561; x_wconf 77' lang='lat' dir='ltr'><strong>fabulam</strong></span> <span class='ocrx_word' id='word_1_218' title='bbox 1055 3506 1185 3560; x_wconf 87' lang='lat' dir='ltr'><strong>extitisse</strong></span> <span class='ocrx_word' id='word_1_219' title='bbox 1203 3506 1277 3574; x_wconf 89' lang='lat' dir='ltr'><strong>apud</strong></span> 
     </span>
     <span class='ocr_line' id='line_1_30' title="bbox 221 3587 1278 3659; baseline -0.003 -15"><span class='ocrx_word' id='word_1_220' title='bbox 221 3589 432 3659; x_wconf 87' lang='lat' dir='ltr'><strong>Colophonios,</strong></span> <span class='ocrx_word' id='word_1_221' title='bbox 450 3591 478 3643; x_wconf 91' lang='lat' dir='ltr'><strong>in</strong></span> <span class='ocrx_word' id='word_1_222' title='bbox 491 3589 700 3657; x_wconf 85' lang='lat' dir='ltr'><strong>civitatenova,</strong></span> <span class='ocrx_word' id='word_1_223' title='bbox 717 3604 803 3658; x_wconf 89' lang='lat' dir='ltr'><strong>quam</strong></span> <span class='ocrx_word' id='word_1_224' title='bbox 818 3589 977 3645; x_wconf 88' lang='lat' dir='ltr'><strong>Cretenses</strong></span> <span class='ocrx_word' id='word_1_225' title='bbox 990 3603 1126 3644; x_wconf 89' lang='lat' dir='ltr'><strong>unacum</strong></span> <span class='ocrx_word' id='word_1_226' title='bbox 1141 3587 1278 3643; x_wconf 90' lang='lat' dir='ltr'><strong>Cadmeis</strong></span> 
     </span>
     <span class='ocr_line' id='line_1_31' title="bbox 222 3670 1277 3741; baseline -0.002 -14"><span class='ocrx_word' id='word_1_227' title='bbox 222 3675 388 3728; x_wconf 90' lang='lat' dir='ltr'><strong>condidisse</strong></span> <span class='ocrx_word' id='word_1_228' title='bbox 409 3673 485 3727; x_wconf 82' lang='lat' dir='ltr'><strong>fama</strong></span> <span class='ocrx_word' id='word_1_229' title='bbox 504 3682 571 3727; x_wconf 89' lang='lat' dir='ltr'><strong>erat.</strong></span> <span class='ocrx_word' id='word_1_230' title='bbox 608 3673 645 3739; x_wconf 92' lang='lat' dir='ltr'><strong>(v.</strong></span> <span class='ocrx_word' id='word_1_231' title='bbox 662 3671 807 3728; x_wconf 83' lang='lat' dir='ltr'><strong>Thebaide</strong></span> <span class='ocrx_word' id='word_1_232' title='bbox 825 3674 900 3741; x_wconf 83' lang='lat' dir='ltr'><strong>apud</strong></span> <span class='ocrx_word' id='word_1_233' title='bbox 919 3672 1011 3727; x_wconf 91' lang='lat' dir='ltr'><strong>schol.</strong></span> <span class='ocrx_word' id='word_1_234' title='bbox 1032 3670 1127 3740; x_wconf 76' lang='lat' dir='ltr'><strong>Apoll.</strong></span> <span class='ocrx_word' id='word_1_235' title='bbox 1148 3671 1239 3726; x_wconf 88' lang='lat' dir='ltr'><strong>Rhod.</strong></span> <span class='ocrx_word' id='word_1_236' title='bbox 1260 3671 1277 3725; x_wconf 89' lang='lat'><strong>1.</strong></span> 
     </span>
     <span class='ocr_line' id='line_1_32' title="bbox 220 3754 1278 3825; baseline -0.002 -15"><span class='ocrx_word' id='word_1_237' title='bbox 220 3755 275 3810; x_wconf 83' lang='grc'><strong>308</strong></span> <span class='ocrx_word' id='word_1_238' title='bbox 303 3764 330 3810; x_wconf 93' lang='lat' dir='ltr'><strong>et</strong></span> <span class='ocrx_word' id='word_1_239' title='bbox 356 3757 439 3812; x_wconf 87' lang='lat' dir='ltr'><strong>Paus.</strong></span> <span class='ocrx_word' id='word_1_240' title='bbox 457 3755 514 3810; x_wconf 87' lang='lat' dir='ltr'><strong>Vll.</strong></span> <span class='ocrx_word' id='word_1_241' title='bbox 536 3757 573 3820; x_wconf 85' lang='grc'><strong>3.)</strong></span> <span class='ocrx_word' id='word_1_242' title='bbox 614 3757 662 3824; x_wconf 90' lang='lat' dir='ltr'><strong>qui</strong></span> <span class='ocrx_word' id='word_1_243' title='bbox 689 3771 746 3825; x_wconf 89' lang='lat' dir='ltr'><strong>qua</strong></span> <span class='ocrx_word' id='word_1_244' title='bbox 773 3763 853 3810; x_wconf 91' lang='lat' dir='ltr'><strong>erant</strong></span> <span class='ocrx_word' id='word_1_245' title='bbox 880 3754 983 3810; x_wconf 83' lang='lat' dir='ltr'><strong>Graeci</strong></span> <span class='ocrx_word' id='word_1_246' title='bbox 1015 3756 1111 3823; x_wconf 87' lang='lat' dir='ltr'><strong>ingeni</strong></span> <span class='ocrx_word' id='word_1_247' title='bbox 1143 3754 1278 3809; x_wconf 88' lang='lat' dir='ltr'><strong>ielicitate</strong></span> 
     </span>
     <span class='ocr_line' id='line_1_33' title="bbox 222 3839 1278 3908; baseline -0.004 -14"><span class='ocrx_word' id='word_1_248' title='bbox 222 3840 355 3895; x_wconf 82' lang='lat' dir='ltr'><strong>tinxerim</strong></span> <span class='ocrx_word' id='word_1_249' title='bbox 381 3839 483 3895; x_wconf 88' lang='lat' dir='ltr'><strong>Cadmi</strong></span> <span class='ocrx_word' id='word_1_250' title='bbox 503 3854 569 3894; x_wconf 89' lang='lat' dir='ltr'><strong>cum</strong></span> <span class='ocrx_word' id='word_1_251' title='bbox 597 3840 709 3908; x_wconf 88' lang='lat' dir='ltr'><strong>Europa</strong></span> <span class='ocrx_word' id='word_1_252' title='bbox 735 3839 876 3907; x_wconf 80' lang='lat' dir='ltr'><strong>originem</strong></span> <span class='ocrx_word' id='word_1_253' title='bbox 903 3852 1100 3903; x_wconf 87' lang='lat' dir='ltr'><strong>communem,</strong></span> <span class='ocrx_word' id='word_1_254' title='bbox 1128 3846 1158 3891; x_wconf 91' lang='lat' dir='ltr'><strong>ut</strong></span> <span class='ocrx_word' id='word_1_255' title='bbox 1184 3839 1278 3905; x_wconf 87' lang='lat' dir='ltr'><strong>gentis</strong></span> 
     </span>
     <span class='ocr_line' id='line_1_34' title="bbox 225 3922 1044 3992; baseline -0.001 -16"><span class='ocrx_word' id='word_1_256' title='bbox 225 3925 376 3991; x_wconf 84' lang='lat' dir='ltr'><strong>utriusque</strong></span> <span class='ocrx_word' id='word_1_257' title='bbox 393 3924 549 3992; x_wconf 88' lang='lat' dir='ltr'><strong>primordia</strong></span> <span class='ocrx_word' id='word_1_258' title='bbox 567 3938 583 3977; x_wconf 92' lang='lat' dir='ltr'><strong>a</strong></span> <span class='ocrx_word' id='word_1_259' title='bbox 602 3922 689 3978; x_wconf 84' lang='lat' dir='ltr'><strong>iratre</strong></span> <span class='ocrx_word' id='word_1_260' title='bbox 709 3932 736 3977; x_wconf 88' lang='lat' dir='ltr'><strong>et</strong></span> <span class='ocrx_word' id='word_1_261' title='bbox 754 3936 855 3976; x_wconf 89' lang='lat' dir='ltr'><strong>sorore</strong></span> <span class='ocrx_word' id='word_1_262' title='bbox 873 3930 1044 3991; x_wconf 88' lang='lat' dir='ltr'><strong>repeterent.</strong></span> 
     </span>
    </p>
   </div>
   <div class='ocr_carea' id='block_1_7' title="bbox 0 0 1500 4546">
    <p class='ocr_par' dir='ltr' id='par_1_7' title="bbox 0 0 1500 4546">
     <span class='ocr_line' id='line_1_35' title="bbox 0 0 1500 4546; baseline 0 0"><span class='ocrx_word' id='word_1_263' title='bbox 0 0 1500 4546; x_wconf 95' lang='lat' dir='ltr'><strong> </strong></span> 
     </span>
    </p>
   </div>
  </div>
 </body>
</html>
