2978 4546
688 338 807 448 (⁸8)

220 510 347 578 Medea
359 529 486 579 munus
503 511 619 580 datum
635 531 725 596 esse,
749 526 785 579 ut
800 513 953 581 nutrices
969 514 1048 580 eius
1058 526 1275 596 recoquetea

221 622 358 704 iamque
381 621 566 708 considera
589 639 692 706 quam
708 639 831 706 parum
848 619 1077 706 probabiliter*
1091 621 1275 689 contendat

220 731 298 811 quis
315 726 484 800 Ovidium
508 749 587 798 cum
603 729 814 815 hypothesin
837 742 1045 815 sequeretur
1059 729 1145 797 illud
1160 743 1275 799 mente

220 838 455 921 supplevisse.
498 839 620 923 quidni
643 842 758 924 potius
782 857 919 907 mecum
942 851 1071 907 statuas
1094 838 1187 923 apud
1196 857 1276 923 my·

220 945 450 1032 thographum
483 949 657 1032 quendam
700 967 780 1017 eum
817 951 994 1017 invenisse
1025 948 1153 1016 eadem
1191 945 1275 1031 fere,

220 1073 309 1140 quae
331 1059 366 1123 in
388 1055 576 1141 hypothesi
590 1058 737 1126 Medeae
760 1058 930 1143 leguntur,
952 1058 1017 1126 sed
1040 1057 1143 1141 paulo
1167 1057 1276 1142 expli·

221 1165 374 1233 catiora?

272 1782 334 1849 DE
359 1781 762 1853 EXCERPTIONIBVS
788 1766 1221 1853 MYTHOGRAPHICIS

262 1988 296 2052 in
330 1984 482 2053 fontibus
511 1983 619 2053 Ovidi
653 1985 874 2070 indagandis,
909 1999 945 2052 ut
974 2003 1080 2071 supra
1110 1986 1272 2069 diximus,

220 2093 305 2161 illud
331 2108 409 2162 ante
436 2097 551 2162 omnia
581 2095 725 2180 singulis
759 2094 846 2163 locis
879 2113 981 2179 quam
1015 2096 1272 2163 accuratissime

220 2201 455 2272 deliniendum
494 2218 546 2273 est
578 2218 692 2273 utrum
730 2219 867 2290 poetam
905 2223 947 2272 an
981 2203 1271 2290 mythographum

218 2326 358 2380 secutus
392 2316 446 2381 sit.
489 2328 627 2398 praeter
660 2312 773 2382 lontes
806 2331 908 2396 vero,
945 2312 1038 2381 unde
1073 2327 1271 2396 argumenta

218 2425 451 2490 narrationum
475 2425 550 2490 sive
571 2436 734 2490 exornata
758 2425 833 2490 sive
849 2425 1004 2490 inornata
1028 2423 1170 2505 accepit,
1193 2439 1273 2506 per·

217 2548 338 2615 saepe,
368 2535 401 2597 ni
429 2530 539 2613 fallor,
569 2550 654 2598 usus
683 2545 736 2598 est
763 2530 1047 2615 excerptionibus
1075 2528 1272 2614 mythogra-

217 2637 329 2721 phicis
345 2638 465 2722 quales
489 2641 523 2705 in
540 2638 670 2722 Hygini
694 2638 886 2706 fabularum
910 2639 999 2707 libro
1017 2635 1120 2721 (191)
1144 2638 1270 2706 multae

217 2746 378 2830 leguntur
413 2747 578 2832 qualesve
616 2747 781 2815 exhibent
818 2747 986 2817 Clemens
1023 2746 1201 2814 Romanus
1238 2761 1271 2814 et

218 2853 386 2925 Clemens
414 2856 672 2924 Alexandrinus
706 2859 852 2941 eiusque
886 2856 1131 2942 compilatores
1155 2854 1270 2939 (192).

217 2984 303 3050 quas
327 2983 396 3033 non
420 2979 548 3033 tantum
573 2983 764 3049 puerorum
788 2967 822 3032 in
839 2985 952 3048 usum,
975 2957 1039 3033 sed
1062 2967 1162 3032 etiam
1186 2982 1270 3048 poe-

216 3089 326 3142 tarum
355 3090 388 3142 et
410 3075 637 3143 litteratorum
665 3074 845 3142 hominum
872 3072 1047 3142 confectas
1081 3092 1160 3141 esse
1194 3076 1269 3141 iure

215 3187 329 3251 statuit
351 3184 534 3253 Michaelis
558 3183 673 3268 (193).
717 3202 858 3269 semper
880 3197 914 3251 et
936 3183 1064 3268 ubique
1087 3202 1182 3265 sane,
1210 3182 1267 3248 ubi

216 3296 354 3359 nomina
378 3294 609 3378 mythologica
633 3293 775 3361 collecta
792 3295 1000 3376 invenimus,
1023 3292 1175 3359 discerni
1198 3309 1267 3358 non

143 3672 148 3681 .
249 3626 326 3694 (191)
345 3627 413 3680 inde
431 3641 448 3680 a
465 3641 489 3680 c.
510 3627 569 3680 121.

248 3725 323 3794 (192)
343 3743 368 3783 v.
387 3726 503 3782 Gualth.
522 3727 686 3794 Michaelis,
712 3727 749 3782 de
771 3729 881 3798 origine
902 3731 1005 3785 indicis
1023 3730 1143 3785 deorum
1163 3744 1266 3798 cogno·

215 3811 334 3865 minum.
364 3813 434 3866 diss.
453 3812 548 3866 Berol.
571 3811 640 3867 1898
661 3826 688 3878 p.
705 3811 820 3866 'lo—87.
892 3849 896 3855 -

248 3909 323 3976 (ma)
343 3912 378 3966 ts.
397 3927 424 3979 ρ.
441 3912 486 3966 aa.
