2978 4546
629 374 748 478 (59)

201 550 426 632 perspicuum
449 559 501 613 est
515 544 622 613 verba
640 544 828 623 „Heliades
844 556 957 610 tamen
973 545 1212 611 nominantur“

159 659 281 723 inscite
303 673 474 723 conversa
490 673 570 721 esse
587 673 606 720 e
623 651 787 721 Graecis:
810 651 984 718 καλοῦνται
1005 651 1041 717 δὲ
1058 649 1215 730 Ἡλιάδες,

159 783 414 850 perperamque
438 782 517 831 cum
542 759 832 847 praecedentibus
856 763 1049 828 coniuncta.
1083 780 1161 828 nam
1185 764 1213 828 si

159 875 201 941 ad
217 877 470 958 grammaticam
488 875 657 941 rationem
670 871 827 955 attendis,
843 869 1037 954 significare
1052 872 1215 938 videntur

159 1001 228 1049 non
251 999 395 1049 sorores
418 980 658 1063 PhaethontiS,
684 981 747 1048 sed
772 999 890 1048 earum
914 980 1073 1047 lacrimas
1097 977 1215 1046 Helia·

158 1091 222 1158 des
245 1090 433 1175 appellatas
457 1110 547 1158 esse.
584 1103 685 1174 atque
707 1091 751 1156 ita
775 1108 898 1157 revera
924 1088 1091 1156 intellexit
1113 1088 1215 1154 scho-

158 1200 253 1267 liasta
276 1199 497 1268 Strozzianus
521 1197 641 1282 (121),
668 1218 772 1283 quem
796 1200 927 1267 idcirco
952 1196 1130 1281 Hyginum
1155 1216 1214 1263 ex-

160 1311 336 1392 cerpsisse
359 1323 519 1376 constare
543 1312 632 1376 inter
654 1327 777 1376 omnes
801 1307 963 1375 debebat:

203 1468 367 1530 „sorores
405 1468 546 1534 quoque
579 1449 804 1517 Phaethontis
842 1447 965 1516 flentes
999 1451 1032 1514 in
1070 1447 1214 1515 arbores

158 1560 310 1644 populos
345 1577 469 1626 versae
504 1556 623 1643 luisse,
655 1558 817 1626 lacrimae
851 1577 992 1643 quoque
1027 1575 1145 1624 earum
1179 1558 1213 1623 in

159 1667 324 1735 electrum
362 1668 504 1734 duratae
541 1668 706 1734 dicuntur
740 1667 978 1750 Heliadesque
1012 1665 1213 1748 appellatae,

159 1779 255 1860 ipsae
288 1789 402 1843 autem
437 1777 577 1842 nomina
611 1774 775 1842 habuisse
805 1775 955 1858 Merope
979 1773 1082 1840 Helie
1106 1772 1214 1857 Aegle

160 1882 337 1968 Lampetie
360 1882 503 1950 Phoebe
527 1882 692 1950 Aetherie
716 1882 923 1966 Dioxippe.“

202 2044 285 2111 ergo
323 2029 559 2095 testimonium
598 2026 804 2094 scholiastae
838 2025 1026 2094 Strozziani
1064 2025 1214 2094 abicien-

161 2139 243 2205 dum
268 2151 329 2206 est.

202 2273 285 2357 quid
314 2286 429 2340 autem
454 2272 642 2356 Hyginus?
680 2290 749 2338 non
784 2289 885 2337 unam
914 2269 1048 2338 iabulae
1075 2269 1215 2337 confor-

160 2385 346 2450 mationem
381 2381 497 2465 habet,
532 2396 567 2449 ut
589 2396 767 2450 asseverat
800 2380 975 2448 Robertus
999 2378 1117 2463 (122),
1151 2382 1214 2447 sed

160 2493 246 2561 duas
270 2513 416 2579 quarum
441 2493 546 2587 altera
571 2491 674 2576 (123)
699 2495 804 2575 ignoti
828 2492 1008 2558 cuiusdam
1033 2492 1214 2575 scriptoris

160 2600 257 2668 lusus
278 2604 392 2685 ingeni
409 2615 471 2683 est,
491 2601 596 2668 altera
615 2598 717 2683 (124)
738 2619 816 2667 cum
834 2598 1088 2682 mythographo
1106 2596 1213 2667 Ovidi

161 2712 341 2776 consentit.
375 2710 470 2794 quod
486 2712 515 2776 si
532 2722 626 2776 recte
649 2708 925 2792 observavimus,
949 2711 982 2776 in
1006 2712 1212 2794 scriptorem

161 2815 251 2883 illius
276 2814 410 2884 fabulae
434 2835 504 2884 non
529 2820 572 2883 ita
596 2814 830 2884 invehendum
856 2831 908 2884 est
935 2831 971 2884 ut
994 2819 1109 2884 omnia
1133 2835 1214 2901 por-

161 2939 293 2993 tentosa
327 2944 366 2992 ac
400 2927 668 3009 perversissima
699 2944 778 2992 esse
802 2927 958 2994 dicamus
982 2939 1039 2993 aut
1061 2927 1096 2993 id
1119 2925 1213 3009 quod

160 3036 310 3103 maxime
333 3055 350 3101 a
377 3034 510 3118 vulgari
544 3033 656 3101 iabula
691 3033 854 3101 abhorret
888 3049 1059 3119 tamquam
1094 3033 1215 3100 absur-

159 3145 321 3212 dissimas
345 3144 603 3228 interpolatoris
627 3161 734 3228 nugas
763 3146 929 3211 eiciamus
954 3141 1067 3227 (125).
1112 3156 1213 3225 poeta

161 3255 251 3319 enim
276 3271 341 3319 suo
365 3255 441 3320 iure
463 3252 561 3320 linxit
584 3271 672 3336 quae
694 3252 825 3336 lingere
848 3254 915 3337 ipsi
939 3252 1108 3320 collibuit:
1192 3238 1195 3243 ἢ

192 3569 267 3637 (121)
287 3568 409 3638 Breysig
426 3585 451 3637 p.
474 3571 533 3624 174.
555 3571 588 3624 13
599 3585 663 3639 sqq.

193 3660 268 3728 (122)
287 3662 386 3716 Herm.
409 3663 478 3718 1883
499 3677 525 3730 p.
543 3663 607 3716 435.

194 3752 269 3818 (123)
289 3752 346 3808 lab.
366 3754 451 3808 1521).

193 3843 267 3910 (124)
287 3844 345 3899 lab.
367 3846 426 3899 154.

194 3934 270 4002 (125)
288 3951 316 3989 v.
333 3936 439 3991 Robert
457 3937 475 3989 l.
494 3938 511 3991 l.
530 3936 647 3991 Knaacli
665 3937 682 3989 l.
701 3937 718 3989 l.
737 3952 763 4005 p.
781 3937 805 3990 3.
