2978 4546
701 393 799 503 (71

265 565 366 650 paulo
401 580 480 650 post
504 564 556 649 (2)
593 586 714 634 manus
749 569 852 650 impia
875 566 1152 650 reprehenditur,
1186 584 1274 650 quae

225 677 297 759 pari
321 677 463 743 saevitia
487 672 632 743 Caesari
666 677 823 743 insidiata
858 690 938 742 erat.
983 694 1087 757 quem
1118 673 1274 741 locuma

222 799 323 867 poeta
347 798 565 852 retractatum
590 804 669 852 esse
692 799 783 868 patet
806 805 824 852 e
848 784 1031 868 tautologia
1064 802 1152 867 quae
1185 787 1274 851 inest

221 895 254 958 in
298 912 349 958 vs.
386 898 456 959 205
481 913 556 977 sqq.
593 894 774 977 ambigitur
811 907 923 960 autem
962 896 1050 961 sitne
1094 892 1150 959 hic
1195 912 1273 960 cum

222 1001 375 1085 Hauptio
400 1000 478 1084 (za)
514 1006 704 1069 coniuratio
732 1001 787 1069 illa
821 1003 1052 1086 intellegenda
1079 1020 1144 1085 qua
1173 1005 1273 1085 periit

222 1108 268 1197 C.¹
288 1109 393 1176 lulius
411 1108 545 1178 Caesar
567 1131 608 1178 an
633 1114 747 1195 potius
772 1131 860 1178 nova
877 1112 1045 1195 quaedam
1063 1114 1272 1194 conspiratio

222 1232 340 1286 contra
375 1217 566 1287 Caesarem
602 1220 811 1303 Augustum3
847 1221 880 1286 id
915 1221 1009 1304 quod
1043 1219 1098 1285 alii
1132 1233 1273 1287 conten·

221 1329 345 1396 derunt
380 1331 497 1411 utique
521 1347 669 1412 poscere
702 1329 769 1395 loci
792 1332 995 1396 sententiam
1031 1331 1160 1412 quippe
1184 1347 1271 1411 quae

221 1439 348 1504 misere
387 1437 556 1504 claudicet
599 1440 628 1503 si
666 1457 745 1504 cum
782 1437 863 1504 Iove
901 1451 1130 1520 componatur
1165 1436 1271 1503 Iulius

219 1545 363 1615 Caesar.
393 1546 484 1613 hunc
509 1550 600 1615 enim
624 1549 807 1629 occidisse,
830 1546 901 1612 Iovi
924 1565 1010 1614 vero
1034 1546 1270 1612 insidiatorem

220 1674 353 1739 poenas
387 1657 539 1725 dedisse.
584 1675 733 1741 quorum
767 1660 971 1724 sententiam
1006 1660 1080 1739 ipse
1104 1654 1270 1738 subsequi

220 1782 288 1829 non
323 1764 452 1831 dubito.
497 1769 526 1832 si
561 1768 653 1832 enim
683 1766 726 1832 de
750 1764 811 1831 Iuli
835 1763 999 1833 Caesaris
1024 1764 1129 1830 caede
1153 1781 1269 1828 sermo

219 1871 352 1955 fuisset,
367 1876 427 1938 vix
443 1887 520 1956 apte
544 1873 720 1956 Augustus
743 1892 794 1939 vs.
811 1877 881 1939 204
899 1890 950 1955 sq.
973 1874 1108 1955 pietatis
1124 1889 1269 1937 suorum

220 1979 513 2048 commonefieret.
558 1996 666 2048 totum
702 1984 801 2064 igitur
834 1980 926 2048 hunc
960 1980 1073 2047 locum
1108 1992 1269 2063 posteaa

217 2103 319 2172 poeta
343 2093 511 2157 insertum
536 2109 614 2158 esse
638 2105 793 2174 apertum
818 2105 879 2158 est.

261 2218 326 2265 nec
350 2198 534 2266 concilium
559 2201 706 2267 deorum
730 2213 857 2266 tantum
886 2200 949 2267 sed
973 2202 1073 2266 etiam
1097 2197 1268 2281 Lycaonis

219 2307 510 2392 metamorphosis
545 2329 563 2375 a
598 2323 699 2393 poeta
732 2311 775 2376 ita
799 2311 984 2392 exponitur
1017 2321 1053 2373 ut
1085 2309 1267 2390 proprium

218 2419 293 2483 eius
327 2436 366 2483 ac
390 2416 564 2500 peculiare
588 2417 761 2484 scribendi
788 2435 897 2500 genus
931 2415 1030 2484 facile
1054 2429 1268 2499 agnoscatur.

218 2528 251 2590 in
276 2544 378 2608 quem
396 2526 547 2610 denique
571 2529 637 2592 nisi
661 2529 694 2592 in
711 2529 826 2609 ipsum
843 2523 1012 2593 Ovidium
1029 2525 1118 2592 cadit
1133 2542 1267 2592 summa

218 2632 273 2698 illa
320 2652 436 2700 rerum
485 2634 731 2701 Arcadicarum
773 2637 940 2718 ignoratio
985 2653 1073 2718 quae
1117 2633 1268 2700 ostendit

218 2741 412 2807 Romanum
450 2756 587 2825 poetam
632 2745 783 2809 carmina
820 2741 958 2810 Graeca
994 2761 1137 2810 versare
1174 2741 1267 2808 unde

250 3115 288 3181 (2)
308 3114 511 3169 confremuere
529 3129 633 3168 omnes
651 3115 814 3181 studiisque
833 3116 998 3169 ardentibus
1017 3129 1120 3168 ausum

215 3198 269 3251 200
306 3199 372 3252 talia
389 3201 558 3266 deposcunt.
587 3200 629 3252 sic
648 3213 713 3252 cum
734 3213 836 3252 manus
855 3200 942 3266 impia
959 3201 1051 3253 saevit

307 3285 447 3350 sanguine
466 3282 610 3337 Caesareo
630 3283 791 3336 Romanum
812 3284 978 3350 extinguere
996 3298 1113 3349 nomen,

308 3368 456 3420 attonitum
476 3375 554 3420 tanto
572 3368 684 3420 subitae
702 3376 811 3420 terrore
830 3368 928 3420 ruinae

307 3451 465 3503 humanum
484 3464 577 3516 genus
596 3460 641 3503 est
658 3459 793 3517 totusque
814 3451 976 3517 perhorruit
994 3451 1080 3504 orbis.

307 3547 361 3586 nec
379 3533 428 3586 tibi
447 3542 524 3600 grata
543 3533 639 3587 minus
658 3535 758 3601 pietas,
777 3533 916 3601 Auguste,
934 3541 1047 3587 tuorum
1067 3547 1119 3600 est,

213 3617 268 3670 205
306 3631 391 3684 quam
412 3617 466 3670 fuit
484 3617 532 3670 illa
549 3616 616 3670 lovi.
645 3618 694 3684 qui
712 3627 865 3685 postquam
884 3632 955 3671 voce
974 3632 1118 3686 manuque

307 3715 455 3754 murmura
473 3701 654 3767 compressit,
671 3709 792 3754 tenuere
811 3703 925 3756 silentia
943 3703 1045 3756 cuncti.

306 3784 433 3839 substitit
452 3792 482 3838 ut
499 3784 608 3838 clamor
625 3799 745 3852 pressus
764 3786 899 3851 gravitate
917 3787 1052 3853 regentis,

307 3869 432 3936 iuppiter
449 3871 504 3923 hoc
522 3870 626 3922 iterum
645 3883 781 3923 sermone
800 3871 913 3923 silentia
931 3872 1014 3937 rupit.

233 3949 292 4016 (Za)
311 3952 376 4005 vide
395 3954 632 4008 commentarium
651 3953 685 4006 ad
705 3954 860 4006 editionem
880 3954 950 4006 eius.

1033 4052 1062 4104 l*
