2978 4546
626 381 745 488 (li)

161 577 263 625 versa
297 556 431 625 fabulae
464 555 570 641 figura
601 559 728 640 regiam
752 555 934 640 aulamque
957 555 1048 624 Solis
1071 560 1214 625 omnino

162 685 231 734 non
255 667 461 750 depinxerit.
506 666 636 750 reliqua
663 668 778 732 omnia
802 663 971 733 Ovidium
995 667 1111 733 mIssis
1133 666 1215 733 sub·

161 777 259 843 sidiis
283 775 577 860 mythographicIs
600 789 790 843 mutuatum
808 795 887 843 esse
904 776 1061 843 concedo
1078 796 1097 843 a
1112 791 1214 861 poeta

161 887 312 969 quodam
335 884 572 952 AlexandrIno
596 904 615 952 e
639 884 957 968 praestantioribus.

163 1073 685 1080 ..--.-———-.--——-.-.....——.
910 1073 1215 1080 ——-—-——--—--—-

194 1201 236 1240 vs.
254 1187 291 1240 64
303 1201 367 1254 sqq.
394 1185 444 1241 Sol
463 1186 640 1240 Phaethonta
658 1185 809 1254 diligenter
827 1185 880 1239 iter
899 1186 992 1240 docet:

311 1305 411 1359 arduo
424 1303 531 1372 priona
548 1302 600 1358 via
618 1305 663 1357 esi
682 1344 688 1357 .
707 1345 713 1357 .
732 1344 737 1356 .

493 1385 656 1441 mediaest
676 1385 831 1441 aliissc'mo
851 1387 931 1441 caelo
949 1429 955 1440 .
975 1429 980 1439 .
1000 1428 1005 1440 .

309 1470 420 1526 ultima
435 1487 538 1540 prono
555 1469 606 1526 vio
624 1473 670 1525 esi
688 1511 694 1525 .
714 1512 720 1524 .
739 1513 744 1526 .

194 1615 273 1675 putat
286 1607 467 1675 Hoeplenus
486 1607 523 1675 (p.
536 1608 554 1660 4
567 1615 595 1661 et
609 1605 654 1675 14)
673 1606 769 1661 medio
783 1606 862 1660 caelo
875 1606 1021 1673 designari
1033 1605 1061 1659 id
1075 1613 1213 1672 punctum

160 1693 231 1745 caeli
249 1691 326 1758 quod
345 1705 445 1745 revera
463 1691 592 1744 medium
614 1704 682 1744 esse
706 1691 807 1743 harum
832 1704 929 1743 rerum
950 1690 1060 1743 ludices
1080 1688 1215 1742 evincunt

160 1775 295 1842 quodque
322 1775 408 1829 hodie
435 1775 531 1828 zenith
550 1774 682 1827 dicimus.
718 1773 763 1826 sol
781 1781 877 1827 autem
896 1774 925 1827 in
944 1774 999 1826 hoc
1018 1781 1124 1839 puncto
1144 1773 1216 1826 caeli

160 1858 293 1912 consistit
321 1858 442 1912 meridie
471 1873 495 1911 a.
520 1857 546 1910 d.
565 1856 599 1910 XI
627 1856 689 1911 Kal.
707 1856 756 1910 Iul.
784 1858 909 1925 benigne
938 1857 1054 1925 quidem
1085 1857 1217 1912 concedit

160 1941 347 2009 HoeplrenuS,
374 1956 411 1996 ne
433 1941 520 1996 nlmis
538 1949 670 1996 accurate
688 1956 721 1996 ac
739 1942 837 1996 stricte
855 1942 931 1995 diem
951 1941 1131 2007 definiamus,
1158 1956 1216 2008 quo

160 2026 308 2080 Phaethon
319 2040 435 2080 currum
449 2034 599 2094 paternum
611 2025 821 2092 conscenderit,
834 2026 918 2079 etiam
929 2025 966 2078 de
978 2025 1080 2078 diebus
1093 2025 1214 2093 proximi

160 2110 281 2177 mensis,
299 2111 404 2178 quihus
423 2112 467 2164 sol
486 2125 502 2164 a
521 2110 617 2163 medio
635 2111 716 2163 caelo
734 2109 855 2164 meridie
879 2108 954 2163 haud
982 2109 1103 2163 multum
1132 2109 1215 2176 absit,

160 2194 276 2262 cogitari
294 2209 390 2263 posse.
418 2203 516 2249 contra
535 2195 605 2248 ratio
618 2195 680 2261 ipsa
693 2193 817 2248 declarat
828 2192 965 2248 Ovidium
979 2193 1103 2248 mediam
1117 2194 1213 2248 dicere

160 2291 224 2333 eam
242 2279 314 2333 caeli
332 2286 453 2346 partem,
470 2293 544 2346 quae
562 2280 597 2332 ab
617 2286 680 2332 ortu
699 2286 728 2332 et
745 2292 851 2333 occasu
869 2293 962 2346 aeque
981 2278 1076 2333 distet.

193 2364 333 2418 hactenus
361 2364 397 2418 de
423 2363 666 2432 interpretatione.
700 2363 816 2432 gravius
835 2362 906 2416 illud
925 2370 970 2418 est
986 2363 1021 2416 ad
1042 2364 1118 2431 quod
1138 2377 1216 2416 nunc

158 2448 272 2502 accedo.
305 2448 410 2502 evolvit
428 2447 606 2516 Hoeplrenus
626 2447 754 2502 Xnaachi
777 2447 976 2528 Quaestiones
995 2447 1217 2511 Phaethonteas,

159 2545 231 2598 quas
250 2530 375 2585 laudavit
391 2545 418 2598 p.
431 2531 455 2585 7.
476 2531 540 2585 n.7.
560 2531 677 2600 evolvit,
698 2532 831 2599 inquam,
853 2530 905 2584 sed
924 2545 983 2584 non
1002 2530 1136 2597 perlegit3
1158 2529 1215 2583 nisi

159 2629 228 2668 vero
254 2615 338 2668 tacite
364 2615 517 2669 damnavit.
553 2629 610 2682 quo
638 2613 745 2669 Iactum
765 2622 810 2668 est
828 2622 859 2668 ut
876 2614 986 2668 reicere
1004 2627 1062 2668 non
1081 2611 1214 2667 reformi-

159 2696 231 2750 darit
256 2712 360 2752 versus
387 2698 566 2765 complures,
593 2713 667 2766 quos
693 2699 722 2751 in
750 2705 882 2766 poemate
901 2696 1095 2751 Alexandrino
1120 2696 1214 2751 fuisse

159 2781 334 2834 documento
353 2788 422 2834 sunt
439 2794 543 2835 versus
563 2780 659 2834 Nonni
678 2781 857 2836 consimiles:

309 2896 425 2951 Metam.
445 2897 468 2950 II
490 2897 541 2950 129
565 2896 603 2951 ci.
623 2898 718 2951 Nonn.
736 2896 878 2951 XXXVIII.
895 2898 950 2952 257
963 2912 1027 2965 sqq.

490 2980 542 3034 130
891 2981 949 3034 225

488 3065 535 3119 171
551 3079 594 3132 sq.
890 3064 946 3118 408
958 3079 1021 3132 sqq.

484 3149 539 3202 206
888 3149 944 3202 332
957 3163 1001 3216 sq.

486 3233 541 3286 299
892 3232 945 3285 344

193 3374 289 3427 neque
307 3360 392 3426 igitur
409 3360 482 3413 adeo
505 3360 609 3412 mirum
638 3367 690 3424 est,
717 3360 741 3412 si
761 3359 845 3413 etiam
864 3358 920 3413 alio
939 3358 1003 3413 loco
1022 3357 1119 3411 Nonni
1138 3357 1217 3411 testi·

159 3445 290 3498 monium
316 3444 425 3510 sprevit
448 3443 485 3511 (p.
497 3444 522 3496 7.
542 3457 568 3496 n.
581 3441 623 3510 7),
650 3444 725 3511 apud
749 3457 835 3511 quem
859 3441 1003 3496 XXXVIII.
1022 3442 1078 3496 342
1095 3437 1215 3512 τοξευτῆρ

158 3529 316 3596 respondet
333 3526 484 3581 Ovidianis
503 3528 618 3581 arcibus
636 3527 807 3582 Haemoniis
830 3526 870 3593 (II.
888 3524 943 3593 81).
980 3526 1048 3594 quid
1073 3528 1150 3594 quod
1168 3525 1214 3578 his

158 3613 311 3681 significari
325 3612 568 3680 Anguitenentem
582 3612 637 3665 sibi
651 3613 804 3678 persuasit,
821 3610 898 3679 quod
912 3611 997 3664 orbes
1010 3611 1112 3678 anguis
1124 3622 1215 3661 arctos

159 3696 213 3750 dici
231 3695 367 3762 possint?

193 3787 267 3833 errat
284 3778 411 3846 denique
428 3779 608 3846 Hoepirenus
627 3780 680 3832 hac
703 3793 820 3846 quoque
842 3778 871 3831 in
895 3792 942 3843 re,
967 3777 1044 3846 quod
1070 3776 1099 3830 in
1127 3788 1216 3843 opere

160 3869 215 3915 tarn
243 3863 321 3915 vario
348 3871 466 3931 tamque
491 3871 574 3916 vasto
597 3870 700 3930 poetae
717 3863 827 3915 nuliam
846 3863 965 3915 omnino
984 3859 1214 3927 discrepantiam,

160 3945 271 3999 nullum
299 3947 553 4000 anachronismum
578 3960 664 4014 quem
684 3946 770 4000 hodie
788 3945 911 4000 dicimus
930 3945 989 3998 dari
1008 3957 1097 4011 posse
1116 3940 1215 3996 credit.
