2978 4546
613 379 732 487 (ln)

191 549 381 616 Pausaniae
415 563 528 616 autern
566 554 677 618 aetate
710 550 889 637 Triphylia
922 553 1010 619 Elidi
1043 554 1199 621 attributa

150 671 236 725 erat:

189 783 243 852 IV.
260 790 317 852 20.
334 791 355 851 2
381 784 496 869 (Neda
516 785 661 870 flumen)
686 784 781 874 ὁρίζει
801 785 843 852 τοὶ
861 790 917 854 ἐπὶ
937 786 1089 880 θαλάσσῃ
1105 795 1199 853 Μεσ-

146 898 267 978 σηνίοις
287 896 341 959 καὶ
359 892 494 973 Ἠλείοις
515 893 574 980 τιζν
595 894 663 980 γῆν.

188 1018 243 1085 IV.
267 1024 324 1087 36.
347 1025 380 1086 7.
416 1018 497 1085 κατὰ
517 1016 614 1086 τοῦτο
635 1019 654 1086 ὅ
679 1019 829 1104 ποταμός
854 1019 871 1106 ἢ
894 1022 984 1088 Νέδα
1004 1024 1126 1104 μεταξὺ
1147 1025 1201 1107 τῇς

145 1152 180 1191 τε
204 1134 393 1214 Μεσσηνίας
413 1128 471 1215 ἤδη
492 1131 546 1193 καὶ
567 1127 623 1213 τῇς
639 1127 765 1206 Ἠλείας
786 1131 936 1209 διέξεισιν
959 1128 1049 1215 (42).

191 1255 305 1321 neque
329 1236 508 1305 Strabonis
531 1251 640 1307 aetate
663 1258 720 1306 res
743 1239 841 1307 aliter
863 1259 901 1307 se
924 1239 1085 1307 habebat:

187 1352 271 1420 VIII.
295 1372 327 1438 p.
343 1358 425 1421 348.
447 1355 519 1419 νυνὶ
533 1355 595 1438 μὲν
616 1352 674 1421 οὖν
695 1353 733 1448 τῇ
749 1355 909 1444 Τριφυλίᾳ
923 1353 1008 1443 προς
1028 1353 1088 1440 τὴν
1105 1365 1199 1422 Μεσ-

144 1468 260 1548 σηνίαν
282 1461 375 1550 ὅριιίν
396 1464 464 1528 ἐστι
485 1461 523 1528 ro*
548 1461 602 1548 τῆς
624 1465 730 1542 Νέδας
752 1462 853 1552 ῥεῦμα
874 1461 1007 1553 λαβρόν.

188 1573 253 1638 iarn
276 1591 373 1655 vero,
396 1586 433 1639 ut
448 1587 543 1641 recte
559 1574 790 1642 diiudicemus
814 1593 880 1658 qua
897 1587 1006 1642 aetate
1020 1573 1199 1658 Triphylia

146 1679 323 1748 Messenia
339 1681 407 1748 dici
423 1685 585 1765 potuerit,
609 1682 750 1749 historia
766 1681 967 1766 Triphyliae
990 1684 1105 1749 animo
1121 1700 1200 1766 per·

147 1790 317 1856 currenda
342 1803 394 1857 est
417 1789 508 1872 (43).

187 1913 387 1999 Triphyliae
423 1916 554 1984 incolas
577 1915 765 1983 Messeniis
799 1919 964 2001 sanguine
994 1919 1199 1984 coniunctos

146 2021 255 2092 luisse
279 2024 382 2092 docet
404 2023 527 2092 Strabo
552 2022 647 2108 (44);

186 2129 296 2214 χώραν
328 2129 361 2196 δ’
384 2137 472 2215 είχον
503 2129 680 2216 εὐδαίμονα
712 2131 743 2198 οἱ
768 2130 970 2219 Λεπρεᾶται·
1008 2131 1133 2210 τούτοις
1163 2133 1195 2199 δ’

145 2238 255 2328 ὅμοροι
278 2249 519 2328 Κνπαρισσιείς·
542 2241 639 2330 ἄμφω
660 2243 696 2307 δὲ
718 2239 760 2306 τὰ
781 2240 883 2325 χώρια
907 2244 1012 2308 ταῦτα
1033 2240 1200 2320 Καιίίιωνες

144 2362 291 2432 κατεῖχον
312 2355 365 2416 καὶ
387 2349 448 2418 τὸν
470 2348 642 2418 Μάκιστον
663 2352 708 2416 δέ.

187 2477 279 2544 idern
314 2476 392 2560 (45)
428 2492 541 2545 narrat
574 2476 887 2560 Lacedaemonios,
923 2476 1111 2545 Messeniis
1135 2478 1196 2545 de·

146 2586 279 2655 bellatis
311 2585 406 2670 (46),
442 2589 586 2655 victoria
620 2606 681 2655 sua
716 2589 758 2653 ita
793 2605 877 2655 usos
911 2606 990 2654 esse
1024 2583 1108 2651 ὥστε
1139 2584 1198 2670 τὴν

145 2693 256 2778 χώραν
292 2692 427 2759 ἅπασαν
462 2697 521 2779 τὴν
556 2699 648 2782 μέχρι
680 2692 847 2781 Μεσσήνης
878 2691 1012 2762 Ἠλείαν
1046 2694 1196 2783 ῥηθῆναι.

147 2802 230 2869 dicit
242 2817 355 2869 autern
372 2816 557 2886 propterea
570 2801 866 2872 Lacedaemonios
878 2803 1092 2888 Triphyliam
1105 2803 1196 2872 Eleis

147 2908 358 2994 prodidisse,
385 2910 480 2994 quod
502 2910 673 2995 Triphylii
702 2915 735 2979 in
763 2912 855 2980 bello
878 2915 1083 2996 gravissimo
1107 2932 1125 2979 a
1147 2915 1198 2978 vi-

178 3187 237 3256 (42)
257 3187 359 3254 Scylax
376 3189 412 3242 45
429 3189 541 3255 καθήκει
557 3189 586 3242 δὲ
605 3187 761 3260 ἧἎριιαιίία
778 3190 822 3241 ἐπὶ
840 3187 974 3242 &dianam
990 3191 1054 3242 κατὰ
1072 3189 1197 3258 Αεπρέων

144 3275 173 3325 ἐκ
188 3275 338 3344 μεσογείας.

177 3356 234 3423 (43)
253 3355 380 3424 Kiepert,
398 3356 548 3413 Lehtbuch
568 3360 619 3412 der
636 3359 714 3412 alten
733 3357 917 3426 Geographie
935 3373 961 3426 p.
978 3358 1041 3412 260.
1077 3358 1196 3425 Lolling‚

144 3441 333 3495 Hellenische
351 3440 561 3496 Landeskunde
579 3444 637 3496 und
655 3441 855 3509 Topographie
876 3457 902 3509 p.
924 3443 975 3496 178
987 3457 1030 3510 sq.
1065 3441 1096 3496 R.
1115 3440 1196 3506 Weil,

143 3526 194 3580 das
207 3524 395 3578 Miinzwesen
414 3524 466 3578 des
484 3526 657 3580 achiisehen
672 3526 799 3593 Bundes,
817 3525 955 3581 zeitschr.
970 3526 990 3579 l.
1003 3526 1195 3579 Numismatil

144 3623 169 3676 p.
187 3609 248 3662 226.
283 3607 319 3662 H.
337 3608 475 3676 Pomtow,
501 3610 547 3663 ein
571 3609 755 3664 arladisches
772 3609 1004 3677 Weihgeschenk
1028 3625 1063 3664 zu
1083 3609 1196 3677 Delphi.

145 3692 249 3746 Athen.
266 3691 359 3745 Mitth.
379 3691 449 3745 1889
467 3707 494 3759 p.
506 3691 551 3746 26.

178 3773 234 3840 (44)
253 3774 321 3828 v111.
343 3790 369 3843 p.
386 3776 450 3829 345.

178 3855 235 3922 (45)
253 3858 323 3912 Vlll.
344 3874 370 3926 p.
388 3858 448 3912 355.

179 3938 236 4006 (46)
254 3956 330 3995 anno
347 3941 410 3996 459.
