2978 4546
618 333 737 442 (ii)

152 528 275 576 verum
310 521 423 574 tamen
458 526 527 575 uno
562 507 640 575 loco
675 526 744 591 quo
779 507 919 591 quidem
943 505 1091 573 Nonnus
1126 525 1203 573 cum

155 614 286 684 Ovidio
310 618 478 700 congruit,
501 635 584 684 ecce
608 628 752 699 repente
775 617 929 698 quinque
953 632 1077 682 zonae:

154 831 335 899 xxxviii.
359 837 429 899 257

252 940 333 1025 μηδὲ
354 941 584 1007 τανοπλέκτων
606 940 720 1005 ἑλίκων
741 940 950 1023 πολοκαμπέι
973 938 1080 1026 δεσμῷ

254 1053 352 1116 πέντε
373 1047 589 1135 παραλλήλων
611 1050 820 1133 δεδοκημένος
841 1048 967 1130 ἄντυγα
987 1045 1111 1114 κύκλων
1183 1085 1185 1089 >

254 1162 382 1243 οἶστρον
403 1158 487 1240 ἔχοις
507 1161 560 1223 καὶ
584 1155 707 1224 νύσσαν
728 1155 861 1245 ὁμηθέα
883 1156 1010 1243 πατρὸς
1031 1155 1133 1250 ἐάσῃς.

197 1375 239 1442 ci.
262 1376 402 1444 Metam.
426 1375 462 1442 11.
490 1381 573 1443 129:

305 1575 361 1615 neu
380 1561 429 1614 tibi
449 1561 573 1616 directos
592 1562 702 1629 placeat
719 1561 765 1615 via
783 1562 911 1629 quinque
929 1575 981 1628 per
998 1574 1093 1613 arcus.

156 1779 272 1828 nonne
296 1762 440 1827 incurrit
462 1763 496 1827 in
520 1761 642 1828 oculos
659 1780 704 1828 ex
719 1761 849 1844 epyliio
866 1759 1102 1827 Alexandrino
1125 1759 1208 1825 anti·

156 1887 263 1952 quum
292 1871 388 1938 ilium
422 1889 588 1938 zonarum
623 1889 808 1938 numerum
843 1890 861 1938 a
885 1884 987 1955 poeta
1011 1871 1044 1936 in
1068 1887 1207 1936 carmen

157 1979 356 2047 translatum
381 1980 487 2047 esse?

197 2124 289 2173 nunc
324 2104 409 2173 illud
443 2119 520 2173 ante
544 2108 659 2173 omnia
682 2107 922 2173 examinemus
955 2118 1069 2172 utrum
1093 2104 1206 2171 solum

156 2213 383 2283 Phaethontis
408 2213 512 2283 iatum
530 2214 660 2299 epyliio
684 2213 979 2299 comprehensum
997 2212 1105 2282 fuisse
1128 2231 1210 2298 pro-

155 2321 268 2390 babile
301 2325 346 2389 sit
378 2341 420 2389 an
454 2325 571 2407 potius
595 2324 836 2390 existimemus
863 2325 1096 2390 narrationem
1121 2318 1211 2388 Ovi-

155 2432 291 2500 dianam
328 2451 440 2516 usque
473 2433 516 2499 ad
549 2451 601 2498 vs.
625 2437 697 2498 400
720 2450 860 2499 omnem
896 2451 940 2498 ex
967 2432 1092 2498 eodem
1117 2428 1211 2497 ionte

156 2538 311 2608 fluxisse.
348 2541 441 2624 apud
465 2537 634 2607 Ovidium
660 2553 762 2607 tenor
785 2558 902 2608 rerum
926 2538 982 2607 hic
1006 2552 1072 2607 est:
1103 2536 1212 2605 Phae·

157 2647 326 2730 thontem,
349 2647 407 2716 ubi
431 2646 574 2715 fulmine
598 2650 686 2715 ictus
709 2649 742 2715 in
766 2647 953 2715 Eridanum
977 2647 1105 2714 decidit
1122 2642 1212 2728 (94),

158 2754 290 2821 tumulo
313 2756 467 2822 condunt
481 2753 612 2822 Naides
630 2754 879 2840 Hesperiae-
898 2768 996 2839 pater
1012 2756 1104 2822 enim
1128 2772 1212 2837 prae

159 2882 319 2931 maerore
342 2866 400 2947 pio
424 2861 539 2930 officio
563 2862 673 2931 defuit
688 2900 727 2909 —-
744 2879 778 2931 et
800 2867 1012 2949 epigramma
1035 2863 1211 2948 quoddam

158 2969 350 3039 inscribunt
383 2973 416 3038 in
450 2969 552 3038 busto
586 2973 672 3038 eius.
716 2989 785 3056 quo
811 2984 962 3055 reperto,
995 2986 1104 3038 mater
1127 2970 1213 3054 Cly-

158 3100 260 3149 mene
284 3100 372 3166 quae
388 3084 558 3152 carissimi
581 3080 626 3149 fili
647 3083 824 3149 desiderio
847 3094 944 3165 capta
960 3096 1068 3148 totum
1090 3079 1211 3148 orbem

158 3201 328 3257 terrarum
351 3203 594 3274 peragraverat
618 3191 756 3257 tandem
781 3191 978 3273 requiescit.
1008 3189 1135 3256 deinde
1158 3208 1213 3256 se-

159 3312 311 3382 quuntur
333 3299 636 3383 metamorphoses
658 3299 844 3367 Heliadum
869 3313 903 3366 et
919 3297 1043 3383 Cycni.
1077 3313 1213 3384 postre-

159 3425 253 3474 mum
282 3419 384 3490 poeta
411 3408 499 3475 redit
526 3408 568 3474 ad
593 3406 775 3475 Phoebum
802 3409 861 3491 qui
883 3409 943 3474 vix
972 3408 1109 3475 tandem
1133 3425 1213 3491 pre-

159 3513 257 3582 cibus
280 3515 427 3582 deorum
452 3518 608 3583 omnium
632 3530 859 3600 permovetur
881 3530 917 3583 ut
940 3535 1051 3600 equos
1095 3535 1212 3584 amen·

159 3638 211 3691 tes
234 3624 369 3708 colligat
401 3639 503 3708 atque
525 3623 734 3692 verberibus
757 3639 855 3709 cogat
888 3628 922 3692 in
945 3627 1089 3710 pristina
1113 3627 1212 3692 mini·

269 3803 380 3809 --—-—
385 3803 420 3808 ——
747 3805 795 3810 -.-.
800 3805 854 3811 —-
860 3804 910 3810 ...-
916 3803 1210 3810 ---.—--.--.-——-....

195 3905 252 3971 (94)
272 3904 387 3959 Metam.
407 3905 437 3958 11.
454 3906 517 3959 324.
