<?xml version="1.0" encoding="UTF-8"?>
<!DOCTYPE html PUBLIC "-//W3C//DTD XHTML 1.0 Transitional//EN"
    "http://www.w3.org/TR/xhtml1/DTD/xhtml1-transitional.dtd">
<html xmlns="http://www.w3.org/1999/xhtml" xml:lang="en" lang="en">
 <head>
  <title>
</title>
<meta http-equiv="Content-Type" content="text/html;charset=utf-8" />
  <meta name='ocr-system' content='tesseract 3.04.00' />
  <meta name='ocr-capabilities' content='ocr_page ocr_carea ocr_par ocr_line ocrx_word'/>
</head>
<body>
  <div class='ocr_page' id='page_1' title='image "./deovidimythopoe00vollgoog_0068.png"; bbox 0 0 2978 4546; ppageno 0'>
   <div class='ocr_carea' id='block_1_1' title="bbox 610 347 730 455">
    <p class='ocr_par' dir='ltr' id='par_1_1' title="bbox 610 347 730 455">
     <span class='ocr_line' id='line_1_1' title="bbox 610 347 730 455; baseline 0.042 -5"><span class='ocrx_word' id='word_1_1' title='bbox 610 347 730 455; x_wconf 73' lang='lat'>(5³)</span> 
     </span>
    </p>
   </div>
   <div class='ocr_carea' id='block_1_2' title="bbox 143 515 1201 2012">
    <p class='ocr_par' dir='ltr' id='par_1_2' title="bbox 144 515 1199 695">
     <span class='ocr_line' id='line_1_2' title="bbox 145 515 1199 602; baseline -0.001 -15"><span class='ocrx_word' id='word_1_2' title='bbox 145 516 277 587; x_wconf 92' lang='lat' dir='ltr'>Ovidio</span> <span class='ocrx_word' id='word_1_3' title='bbox 311 518 440 602; x_wconf 88' lang='lat' dir='ltr'>aliquid</span> <span class='ocrx_word' id='word_1_4' title='bbox 474 517 552 584; x_wconf 90' lang='lat' dir='ltr'>elici</span> <span class='ocrx_word' id='word_1_5' title='bbox 583 520 720 600; x_wconf 83' lang='lat' dir='ltr'>poterit.</span> <span class='ocrx_word' id='word_1_6' title='bbox 764 518 887 584; x_wconf 83' lang='lat' dir='ltr'>ordine</span> <span class='ocrx_word' id='word_1_7' title='bbox 910 515 1085 602; x_wconf 81' lang='lat' dir='ltr'>proferam</span> <span class='ocrx_word' id='word_1_8' title='bbox 1109 537 1199 602; x_wconf 86' lang='lat' dir='ltr'>quae</span> 
     </span>
     <span class='ocr_line' id='line_1_3' title="bbox 144 626 340 695; baseline 0.005 -2"><span class='ocrx_word' id='word_1_9' title='bbox 144 626 340 695; x_wconf 81' lang='lat' dir='ltr'>observavi.</span> 
     </span>
    </p>

    <p class='ocr_par' dir='ltr' id='par_1_3' title="bbox 143 733 1201 1364">
     <span class='ocr_line' id='line_1_4' title="bbox 186 733 1199 819; baseline 0.003 -19"><span class='ocrx_word' id='word_1_10' title='bbox 186 737 251 804; x_wconf 91' lang='lat' dir='ltr'>iam</span> <span class='ocrx_word' id='word_1_11' title='bbox 277 734 484 805; x_wconf 89' lang='lat' dir='ltr'>Odolredus</span> <span class='ocrx_word' id='word_1_12' title='bbox 507 735 638 803; x_wconf 90' lang='lat' dir='ltr'>Miiller</span> <span class='ocrx_word' id='word_1_13' title='bbox 661 733 763 819; x_wconf 95' lang='grc'><strong>(109)</strong></span> <span class='ocrx_word' id='word_1_14' title='bbox 798 737 883 803; x_wconf 91' lang='lat' dir='ltr'>vidit</span> <span class='ocrx_word' id='word_1_15' title='bbox 911 733 1043 804; x_wconf 89' lang='lat' dir='ltr'>Ovidio</span> <span class='ocrx_word' id='word_1_16' title='bbox 1078 735 1199 804; x_wconf 90' lang='lat' dir='ltr'>deberi</span> 
     </span>
     <span class='ocr_line' id='line_1_5' title="bbox 144 843 1198 930; baseline 0.002 -20"><span class='ocrx_word' id='word_1_17' title='bbox 144 847 320 913; x_wconf 91' lang='lat' dir='ltr'>introitum</span> <span class='ocrx_word' id='word_1_18' title='bbox 355 844 490 913; x_wconf 90' lang='lat' dir='ltr'>labulae</span> <span class='ocrx_word' id='word_1_19' title='bbox 521 865 591 930; x_wconf 88' lang='lat' dir='ltr'>quo</span> <span class='ocrx_word' id='word_1_20' title='bbox 626 864 704 913; x_wconf 92' lang='lat' dir='ltr'>cum</span> <span class='ocrx_word' id='word_1_21' title='bbox 739 843 852 912; x_wconf 87' lang='lat' dir='ltr'>labula</span> <span class='ocrx_word' id='word_1_22' title='bbox 886 844 942 913; x_wconf 92' lang='lat' dir='ltr'>lus</span> <span class='ocrx_word' id='word_1_23' title='bbox 976 864 1041 929; x_wconf 93' lang='lat' dir='ltr'>per</span> <span class='ocrx_word' id='word_1_24' title='bbox 1064 845 1198 929; x_wconf 80' lang='lat' dir='ltr'>Epaphi</span> 
     </span>
     <span class='ocr_line' id='line_1_6' title="bbox 143 956 1197 1037; baseline 0.001 -16"><span class='ocrx_word' id='word_1_25' title='bbox 143 956 300 1023; x_wconf 88' lang='lat' dir='ltr'>convicia</span> <span class='ocrx_word' id='word_1_26' title='bbox 335 956 536 1021; x_wconf 83' lang='lat' dir='ltr'>conectitur.</span> <span class='ocrx_word' id='word_1_27' title='bbox 581 973 704 1021; x_wconf 92' lang='lat' dir='ltr'>verum</span> <span class='ocrx_word' id='word_1_28' title='bbox 728 967 842 1020; x_wconf 89' lang='lat' dir='ltr'>tamen</span> <span class='ocrx_word' id='word_1_29' title='bbox 877 968 1014 1037; x_wconf 90' lang='lat' dir='ltr'>poetam</span> <span class='ocrx_word' id='word_1_30' title='bbox 1039 956 1197 1022; x_wconf 84' lang='lat' dir='ltr'>ordinem</span> 
     </span>
     <span class='ocr_line' id='line_1_7' title="bbox 144 1060 1200 1147; baseline -0.003 -16"><span class='ocrx_word' id='word_1_31' title='bbox 144 1062 337 1131; x_wconf 88' lang='lat' dir='ltr'>labularum</span> <span class='ocrx_word' id='word_1_32' title='bbox 361 1064 522 1130; x_wconf 89' lang='lat' dir='ltr'>traditum</span> <span class='ocrx_word' id='word_1_33' title='bbox 546 1064 736 1145; x_wconf 86' lang='lat' dir='ltr'>accepisse,</span> <span class='ocrx_word' id='word_1_34' title='bbox 766 1077 803 1129; x_wconf 94' lang='lat' dir='ltr'>ut</span> <span class='ocrx_word' id='word_1_35' title='bbox 825 1063 964 1129; x_wconf 90' lang='lat' dir='ltr'>credam</span> <span class='ocrx_word' id='word_1_36' title='bbox 989 1060 1068 1130; x_wconf 90' lang='lat' dir='ltr'>lacit</span> <span class='ocrx_word' id='word_1_37' title='bbox 1091 1063 1200 1147; x_wconf 83' lang='lat' dir='ltr'>Hygi·</span> 
     </span>
     <span class='ocr_line' id='line_1_8' title="bbox 144 1168 1201 1256; baseline 0.001 -18"><span class='ocrx_word' id='word_1_38' title='bbox 144 1191 210 1238; x_wconf 93' lang='lat' dir='ltr'>nus</span> <span class='ocrx_word' id='word_1_39' title='bbox 233 1173 325 1256; x_wconf 87' lang='lat' dir='ltr'>apud</span> <span class='ocrx_word' id='word_1_40' title='bbox 356 1190 460 1255; x_wconf 87' lang='lat' dir='ltr'>quem</span> <span class='ocrx_word' id='word_1_41' title='bbox 483 1170 616 1254; x_wconf 82' lang='lat' dir='ltr'>Epaphi</span> <span class='ocrx_word' id='word_1_42' title='bbox 644 1168 791 1237; x_wconf 80' lang='lat' dir='ltr'>fabulam</span> <span class='ocrx_word' id='word_1_43' title='bbox 818 1169 920 1253; x_wconf 98' lang='grc'><strong>(110)</strong></span> <span class='ocrx_word' id='word_1_44' title='bbox 957 1170 1068 1238; x_wconf 82' lang='lat' dir='ltr'>fabula</span> <span class='ocrx_word' id='word_1_45' title='bbox 1090 1170 1201 1239; x_wconf 90' lang='lat' dir='ltr'>Phae·</span> 
     </span>
     <span class='ocr_line' id='line_1_9' title="bbox 144 1278 779 1364; baseline -0.003 -17"><span class='ocrx_word' id='word_1_46' title='bbox 144 1281 274 1348; x_wconf 91' lang='lat' dir='ltr'>thontis</span> <span class='ocrx_word' id='word_1_47' title='bbox 300 1278 402 1363; x_wconf 97' lang='grc'><strong>(111)</strong></span> <span class='ocrx_word' id='word_1_48' title='bbox 427 1282 588 1364; x_wconf 87' lang='lat' dir='ltr'>proxime</span> <span class='ocrx_word' id='word_1_49' title='bbox 612 1282 779 1364; x_wconf 88' lang='lat' dir='ltr'>sequitur.</span> 
     </span>
    </p>

    <p class='ocr_par' dir='ltr' id='par_1_4' title="bbox 143 1387 1200 2012">
     <span class='ocr_line' id='line_1_10' title="bbox 188 1387 1197 1472; baseline 0.003 -18"><span class='ocrx_word' id='word_1_50' title='bbox 188 1391 284 1456; x_wconf 92' lang='lat' dir='ltr'>initio</span> <span class='ocrx_word' id='word_1_51' title='bbox 309 1389 387 1456; x_wconf 84' lang='lat' dir='ltr'>libri</span> <span class='ocrx_word' id='word_1_52' title='bbox 411 1387 438 1454; x_wconf 91' lang='lat'>11</span> <span class='ocrx_word' id='word_1_53' title='bbox 461 1388 707 1456; x_wconf 91' lang='lat' dir='ltr'>describuntur</span> <span class='ocrx_word' id='word_1_54' title='bbox 731 1390 844 1472; x_wconf 82' lang='lat' dir='ltr'>regiae</span> <span class='ocrx_word' id='word_1_55' title='bbox 863 1388 960 1457; x_wconf 63' lang='lat' dir='ltr'>,Solis</span> <span class='ocrx_word' id='word_1_56' title='bbox 990 1387 1085 1457; x_wconf 86' lang='lat' dir='ltr'>iores</span> <span class='ocrx_word' id='word_1_57' title='bbox 1120 1389 1197 1457; x_wconf 90' lang='lat' dir='ltr'>illae</span> 
     </span>
     <span class='ocr_line' id='line_1_11' title="bbox 144 1496 1200 1582; baseline 0.002 -18"><span class='ocrx_word' id='word_1_58' title='bbox 144 1498 302 1566; x_wconf 84' lang='lat' dir='ltr'><strong>caelatae.</strong></span> <span class='ocrx_word' id='word_1_59' title='bbox 326 1497 470 1566; x_wconf 89' lang='lat' dir='ltr'>adhaec</span> <span class='ocrx_word' id='word_1_60' title='bbox 487 1497 683 1566; x_wconf 87' lang='lat' dir='ltr'>Knaackius</span> <span class='ocrx_word' id='word_1_61' title='bbox 700 1497 767 1566; x_wconf 92' lang='lat' dir='ltr'>hoc</span> <span class='ocrx_word' id='word_1_62' title='bbox 784 1499 890 1565; x_wconf 91' lang='lat' dir='ltr'>modo</span> <span class='ocrx_word' id='word_1_63' title='bbox 908 1496 941 1580; x_wconf 98' lang='grc'><strong>(1</strong></span> <span class='ocrx_word' id='word_1_64' title='bbox 954 1496 1028 1580; x_wconf 74' lang='lat' dir='ltr'>tal:</span> <span class='ocrx_word' id='word_1_65' title='bbox 1053 1497 1200 1582; x_wconf 74' lang='lat' dir='ltr'>„lphac-</span> 
     </span>
     <span class='ocr_line' id='line_1_12' title="bbox 143 1603 1199 1689; baseline 0.005 -20"><span class='ocrx_word' id='word_1_66' title='bbox 143 1603 315 1688; x_wconf 86' lang='lat' dir='ltr'>thontem)</span> <span class='ocrx_word' id='word_1_67' title='bbox 347 1606 389 1672; x_wconf 90' lang='lat' dir='ltr'>ad</span> <span class='ocrx_word' id='word_1_68' title='bbox 412 1605 504 1675; x_wconf 92' lang='lat' dir='ltr'>Solis</span> <span class='ocrx_word' id='word_1_69' title='bbox 528 1607 634 1673; x_wconf 89' lang='lat' dir='ltr'>aedes</span> <span class='ocrx_word' id='word_1_70' title='bbox 659 1607 755 1673; x_wconf 89' lang='lat' dir='ltr'>initio</span> <span class='ocrx_word' id='word_1_71' title='bbox 779 1606 924 1672; x_wconf 90' lang='lat' dir='ltr'>secundi</span> <span class='ocrx_word' id='word_1_72' title='bbox 953 1604 1030 1671; x_wconf 91' lang='lat' dir='ltr'>libri</span> <span class='ocrx_word' id='word_1_73' title='bbox 1054 1609 1199 1689; x_wconf 87' lang='lat' dir='ltr'>copiose</span> 
     </span>
     <span class='ocr_line' id='line_1_13' title="bbox 143 1709 1198 1796; baseline 0.001 -17"><span class='ocrx_word' id='word_1_74' title='bbox 143 1713 336 1796; x_wconf 89' lang='lat' dir='ltr'>descriptas</span> <span class='ocrx_word' id='word_1_75' title='bbox 371 1713 501 1776; x_wconf 76' lang='lat' dir='ltr'>adalivo</span> <span class='ocrx_word' id='word_1_76' title='bbox 534 1713 640 1776; x_wconf 80' lang='lat' dir='ltr'>limite</span> <span class='ocrx_word' id='word_1_77' title='bbox 664 1709 742 1794; x_wconf 88' lang='grc'><strong>(19)</strong></span> <span class='ocrx_word' id='word_1_78' title='bbox 777 1714 918 1779; x_wconf 90' lang='lat' dir='ltr'>venisse</span> <span class='ocrx_word' id='word_1_79' title='bbox 950 1715 1198 1795; x_wconf 83' lang='lat' dir='ltr'>comperimus.</span> 
     </span>
     <span class='ocr_line' id='line_1_14' title="bbox 143 1819 1199 1904; baseline 0.003 -19"><span class='ocrx_word' id='word_1_80' title='bbox 143 1823 177 1886; x_wconf 92' lang='lat' dir='ltr'>in</span> <span class='ocrx_word' id='word_1_81' title='bbox 201 1838 387 1887; x_wconf 91' lang='lat' dir='ltr'>summone</span> <span class='ocrx_word' id='word_1_82' title='bbox 411 1832 528 1887; x_wconf 90' lang='lat' dir='ltr'>monte</span> <span class='ocrx_word' id='word_1_83' title='bbox 552 1819 717 1887; x_wconf 79' lang='lat' dir='ltr'>luerunt?</span> <span class='ocrx_word' id='word_1_84' title='bbox 761 1834 793 1886; x_wconf 89' lang='lat' dir='ltr'>at</span> <span class='ocrx_word' id='word_1_85' title='bbox 815 1819 926 1904; x_wconf 86' lang='lat' dir='ltr'>qualia</span> <span class='ocrx_word' id='word_1_86' title='bbox 944 1833 1065 1904; x_wconf 83' lang='lat' dir='ltr'>ectypa</span> <span class='ocrx_word' id='word_1_87' title='bbox 1089 1822 1199 1888; x_wconf 89' lang='lat' dir='ltr'>valvis</span> 
     </span>
     <span class='ocr_line' id='line_1_15' title="bbox 144 1928 492 2012; baseline -0.009 -16"><span class='ocrx_word' id='word_1_88' title='bbox 144 1929 282 1996; x_wconf 90' lang='lat' dir='ltr'>aedium</span> <span class='ocrx_word' id='word_1_89' title='bbox 306 1928 492 2012; x_wconf 90' lang='lat' dir='ltr'>insculpta:</span> 
     </span>
    </p>
   </div>
   <div class='ocr_carea' id='block_1_3' title="bbox 241 2143 1105 2548">
    <p class='ocr_par' dir='ltr' id='par_1_5' title="bbox 243 2143 1051 2381">
     <span class='ocr_line' id='line_1_16' title="bbox 243 2143 981 2205; baseline 0.004 -8"><span class='ocrx_word' id='word_1_90' title='bbox 243 2145 392 2198; x_wconf 90' lang='lat' dir='ltr'>caeruleos</span> <span class='ocrx_word' id='word_1_91' title='bbox 412 2143 496 2198; x_wconf 85' lang='lat' dir='ltr'>habet</span> <span class='ocrx_word' id='word_1_92' title='bbox 515 2145 591 2197; x_wconf 84' lang='lat' dir='ltr'>unda</span> <span class='ocrx_word' id='word_1_93' title='bbox 610 2146 691 2205; x_wconf 85' lang='lat' dir='ltr'>deos,</span> <span class='ocrx_word' id='word_1_94' title='bbox 708 2144 825 2198; x_wconf 86' lang='lat' dir='ltr'>Tritona</span> <span class='ocrx_word' id='word_1_95' title='bbox 843 2159 981 2200; x_wconf 91' lang='lat' dir='ltr'>canorum</span> 
     </span>
     <span class='ocr_line' id='line_1_17' title="bbox 244 2227 1051 2297; baseline 0.004 -17"><span class='ocrx_word' id='word_1_96' title='bbox 244 2227 404 2295; x_wconf 83' lang='lat' dir='ltr'>Proteaque</span> <span class='ocrx_word' id='word_1_97' title='bbox 422 2228 589 2295; x_wconf 85' lang='lat' dir='ltr'>ambiguum</span> <span class='ocrx_word' id='word_1_98' title='bbox 609 2229 853 2297; x_wconf 83' lang='lat' dir='ltr'>balaenarumque</span> <span class='ocrx_word' id='word_1_99' title='bbox 872 2238 1051 2296; x_wconf 86' lang='lat' dir='ltr'>prementem</span> 
     </span>
     <span class='ocr_line' id='line_1_18' title="bbox 246 2311 864 2381; baseline 0.003 -17"><span class='ocrx_word' id='word_1_100' title='bbox 246 2311 400 2380; x_wconf 81' lang='lat' dir='ltr'>Aegaeona</span> <span class='ocrx_word' id='word_1_101' title='bbox 417 2312 480 2366; x_wconf 89' lang='lat' dir='ltr'>suis</span> <span class='ocrx_word' id='word_1_102' title='bbox 499 2313 636 2366; x_wconf 88' lang='lat' dir='ltr'>immania</span> <span class='ocrx_word' id='word_1_103' title='bbox 653 2321 733 2381; x_wconf 75' lang='lat' dir='ltr'>terga</span> <span class='ocrx_word' id='word_1_104' title='bbox 751 2314 864 2367; x_wconf 88' lang='lat' dir='ltr'>lacertis</span> 
     </span>
    </p>

    <p class='ocr_par' dir='ltr' id='par_1_6' title="bbox 241 2395 1105 2548">
     <span class='ocr_line' id='line_1_19' title="bbox 241 2395 1031 2465; baseline 0.003 -17"><span class='ocrx_word' id='word_1_105' title='bbox 241 2395 406 2463; x_wconf 87' lang='lat' dir='ltr'>Doridaque</span> <span class='ocrx_word' id='word_1_106' title='bbox 424 2405 452 2449; x_wconf 90' lang='lat' dir='ltr'>et</span> <span class='ocrx_word' id='word_1_107' title='bbox 471 2405 551 2451; x_wconf 87' lang='lat' dir='ltr'>natas</span> <span class='ocrx_word' id='word_1_108' title='bbox 579 2411 699 2465; x_wconf 87' lang='lat' dir='ltr'>quarum</span> <span class='ocrx_word' id='word_1_109' title='bbox 719 2411 785 2464; x_wconf 88' lang='lat' dir='ltr'>pars</span> <span class='ocrx_word' id='word_1_110' title='bbox 805 2410 873 2450; x_wconf 88' lang='lat' dir='ltr'>nare</span> <span class='ocrx_word' id='word_1_111' title='bbox 890 2397 1031 2463; x_wconf 87' lang='lat' dir='ltr'>videntur,</span> 
     </span>
     <span class='ocr_line' id='line_1_20' title="bbox 244 2480 1105 2548; baseline 0.001 -16"><span class='ocrx_word' id='word_1_112' title='bbox 244 2493 311 2545; x_wconf 88' lang='lat' dir='ltr'>pars</span> <span class='ocrx_word' id='word_1_113' title='bbox 330 2480 358 2532; x_wconf 91' lang='lat' dir='ltr'>in</span> <span class='ocrx_word' id='word_1_114' title='bbox 378 2480 456 2532; x_wconf 91' lang='lat' dir='ltr'>mole</span> <span class='ocrx_word' id='word_1_115' title='bbox 474 2481 581 2533; x_wconf 86' lang='lat' dir='ltr'>sedens</span> <span class='ocrx_word' id='word_1_116' title='bbox 599 2481 707 2534; x_wconf 88' lang='lat' dir='ltr'>virides</span> <span class='ocrx_word' id='word_1_117' title='bbox 728 2481 837 2534; x_wconf 88' lang='lat' dir='ltr'>siccare</span> <span class='ocrx_word' id='word_1_118' title='bbox 855 2481 975 2546; x_wconf 87' lang='lat' dir='ltr'>capillos</span> <span class='ocrx_word' id='word_1_119' title='bbox 995 2495 1019 2534; x_wconf 88' lang='lat' dir='ltr'>e.</span> <span class='ocrx_word' id='word_1_120' title='bbox 1038 2495 1063 2548; x_wconf 91' lang='lat' dir='ltr'>q.</span> <span class='ocrx_word' id='word_1_121' title='bbox 1082 2496 1105 2533; x_wconf 90' lang='lat' dir='ltr'>s.</span> 
     </span>
    </p>
   </div>
   <div class='ocr_carea' id='block_1_4' title="bbox 144 2693 1199 3430">
    <p class='ocr_par' dir='ltr' id='par_1_7' title="bbox 144 2693 1199 3430">
     <span class='ocr_line' id='line_1_21' title="bbox 187 2693 1198 2781; baseline 0.004 -20"><span class='ocrx_word' id='word_1_122' title='bbox 187 2693 345 2778; x_wconf 90' lang='lat' dir='ltr'>proiecto</span> <span class='ocrx_word' id='word_1_123' title='bbox 369 2698 476 2779; x_wconf 86' lang='lat' dir='ltr'>magis</span> <span class='ocrx_word' id='word_1_124' title='bbox 501 2697 701 2779; x_wconf 87' lang='lat' dir='ltr'>quadrantia</span> <span class='ocrx_word' id='word_1_125' title='bbox 725 2698 759 2762; x_wconf 93' lang='lat' dir='ltr'>in</span> <span class='ocrx_word' id='word_1_126' title='bbox 782 2698 888 2764; x_wconf 89' lang='lat' dir='ltr'>aedes</span> <span class='ocrx_word' id='word_1_127' title='bbox 912 2700 1071 2765; x_wconf 90' lang='lat' dir='ltr'>marinas.</span> <span class='ocrx_word' id='word_1_128' title='bbox 1116 2699 1198 2781; x_wconf 89' lang='lat' dir='ltr'>quid</span> 
     </span>
     <span class='ocr_line' id='line_1_22' title="bbox 145 2801 1198 2891; baseline 0.004 -23"><span class='ocrx_word' id='word_1_129' title='bbox 145 2803 240 2887; x_wconf 89' lang='lat' dir='ltr'>quod</span> <span class='ocrx_word' id='word_1_130' title='bbox 259 2801 391 2886; x_wconf 87' lang='lat' dir='ltr'>Tethys</span> <span class='ocrx_word' id='word_1_131' title='bbox 407 2805 481 2887; x_wconf 87' lang='lat' dir='ltr'>ipsa</span> <span class='ocrx_word' id='word_1_132' title='bbox 505 2804 569 2870; x_wconf 89' lang='lat' dir='ltr'>dea</span> <span class='ocrx_word' id='word_1_133' title='bbox 593 2807 722 2872; x_wconf 91' lang='lat' dir='ltr'>marina</span> <span class='ocrx_word' id='word_1_134' title='bbox 747 2806 908 2890; x_wconf 83' lang='lat' dir='ltr'>repagula</span> <span class='ocrx_word' id='word_1_135' title='bbox 932 2808 1031 2891; x_wconf 89' lang='lat' dir='ltr'>equis</span> <span class='ocrx_word' id='word_1_136' title='bbox 1055 2804 1198 2873; x_wconf 82' lang='lat' dir='ltr'>fervidis</span> 
     </span>
     <span class='ocr_line' id='line_1_23' title="bbox 147 2909 1199 2996; baseline 0.005 -20"><span class='ocrx_word' id='word_1_137' title='bbox 147 2909 309 2993; x_wconf 78' lang='lat' dir='ltr'>repellit?</span> <span class='ocrx_word' id='word_1_138' title='bbox 354 2913 408 2978; x_wconf 91' lang='lat' dir='ltr'>cui</span> <span class='ocrx_word' id='word_1_139' title='bbox 432 2930 553 2996; x_wconf 91' lang='lat' dir='ltr'>parum</span> <span class='ocrx_word' id='word_1_140' title='bbox 571 2927 688 2996; x_wconf 93' lang='lat' dir='ltr'>aptum</span> <span class='ocrx_word' id='word_1_141' title='bbox 712 2933 792 2980; x_wconf 89' lang='lat' dir='ltr'>esse</span> <span class='ocrx_word' id='word_1_142' title='bbox 815 2912 930 2980; x_wconf 94' lang='lat' dir='ltr'>locum</span> <span class='ocrx_word' id='word_1_143' title='bbox 954 2917 988 2981; x_wconf 92' lang='lat' dir='ltr'>in</span> <span class='ocrx_word' id='word_1_144' title='bbox 1011 2933 1091 2982; x_wconf 91' lang='lat' dir='ltr'>arce</span> <span class='ocrx_word' id='word_1_145' title='bbox 1107 2913 1199 2982; x_wconf 90' lang='lat' dir='ltr'>Solis</span> 
     </span>
     <span class='ocr_line' id='line_1_24' title="bbox 146 3019 1199 3105; baseline 0.002 -19"><span class='ocrx_word' id='word_1_146' title='bbox 146 3032 240 3086; x_wconf 94' lang='lat' dir='ltr'>recte</span> <span class='ocrx_word' id='word_1_147' title='bbox 263 3023 372 3087; x_wconf 91' lang='lat' dir='ltr'>sensit</span> <span class='ocrx_word' id='word_1_148' title='bbox 389 3020 563 3105; x_wconf 91' lang='lat' dir='ltr'>Hauptius</span> <span class='ocrx_word' id='word_1_149' title='bbox 580 3019 639 3104; x_wconf 82' lang='lat' dir='ltr'>(ad</span> <span class='ocrx_word' id='word_1_150' title='bbox 656 3019 749 3103; x_wconf 89' lang='grc'><strong>150).</strong></span> <span class='ocrx_word' id='word_1_151' title='bbox 795 3023 908 3105; x_wconf 87' lang='lat' dir='ltr'>itaque</span> <span class='ocrx_word' id='word_1_152' title='bbox 932 3024 965 3089; x_wconf 93' lang='lat' dir='ltr'>ni</span> <span class='ocrx_word' id='word_1_153' title='bbox 990 3022 1090 3089; x_wconf 83' lang='lat' dir='ltr'>fallor</span> <span class='ocrx_word' id='word_1_154' title='bbox 1113 3024 1199 3089; x_wconf 91' lang='lat' dir='ltr'>duas</span> 
     </span>
     <span class='ocr_line' id='line_1_25' title="bbox 144 3126 1198 3214; baseline 0.003 -20"><span class='ocrx_word' id='word_1_155' title='bbox 144 3128 271 3196; x_wconf 91' lang='lat' dir='ltr'>domus</span> <span class='ocrx_word' id='word_1_156' title='bbox 305 3126 397 3197; x_wconf 91' lang='lat' dir='ltr'>Solis</span> <span class='ocrx_word' id='word_1_157' title='bbox 430 3128 526 3197; x_wconf 88' lang='lat' dir='ltr'>Naso</span> <span class='ocrx_word' id='word_1_158' title='bbox 560 3132 774 3214; x_wconf 90' lang='lat' dir='ltr'>permiscuit,</span> <span class='ocrx_word' id='word_1_159' title='bbox 811 3149 956 3214; x_wconf 88' lang='lat' dir='ltr'>quarum</span> <span class='ocrx_word' id='word_1_160' title='bbox 990 3130 1130 3198; x_wconf 87' lang='lat' dir='ltr'>alteram</span> <span class='ocrx_word' id='word_1_161' title='bbox 1165 3134 1198 3197; x_wconf 96' lang='lat' dir='ltr'>in</span> 
     </span>
     <span class='ocr_line' id='line_1_26' title="bbox 146 3226 1199 3323; baseline 0.005 -21"><span class='ocrx_word' id='word_1_162' title='bbox 146 3226 263 3304; x_wconf 89' lang='lat' dir='ltr'>monte</span> <span class='ocrx_word' id='word_1_163' title='bbox 279 3240 427 3322; x_wconf 90' lang='lat' dir='ltr'>positam</span> <span class='ocrx_word' id='word_1_164' title='bbox 444 3236 587 3306; x_wconf 82' lang='lat' dir='ltr'>forsitan</span> <span class='ocrx_word' id='word_1_165' title='bbox 605 3258 649 3306; x_wconf 89' lang='lat' dir='ltr'>ex</span> <span class='ocrx_word' id='word_1_166' title='bbox 664 3238 831 3323; x_wconf 89' lang='lat' dir='ltr'>Euripide</span> <span class='ocrx_word' id='word_1_167' title='bbox 848 3241 1036 3321; x_wconf 89' lang='lat' dir='ltr'>retinuerit,</span> <span class='ocrx_word' id='word_1_168' title='bbox 1059 3238 1199 3307; x_wconf 89' lang='lat' dir='ltr'>alterius</span> 
     </span>
     <span class='ocr_line' id='line_1_27' title="bbox 144 3345 1001 3430; baseline 0.005 -20"><span class='ocrx_word' id='word_1_169' title='bbox 144 3378 184 3388; x_wconf 92' lang='lat'>-—</span> <span class='ocrx_word' id='word_1_170' title='bbox 208 3358 244 3411; x_wconf 92' lang='lat' dir='ltr'>ut</span> <span class='ocrx_word' id='word_1_171' title='bbox 267 3359 319 3411; x_wconf 92' lang='lat' dir='ltr'>est</span> <span class='ocrx_word' id='word_1_172' title='bbox 341 3347 433 3430; x_wconf 91' lang='lat' dir='ltr'>apud</span> <span class='ocrx_word' id='word_1_173' title='bbox 456 3345 622 3414; x_wconf 94' lang='lat' dir='ltr'>Nonnum</span> <span class='ocrx_word' id='word_1_174' title='bbox 647 3383 685 3391; x_wconf 96' lang='lat'><em>-</em></span> <span class='ocrx_word' id='word_1_175' title='bbox 709 3346 812 3414; x_wconf 93' lang='lat' dir='ltr'>simul</span> <span class='ocrx_word' id='word_1_176' title='bbox 836 3349 1001 3414; x_wconf 88' lang='lat' dir='ltr'>memor.“</span> 
     </span>
    </p>
   </div>
   <div class='ocr_carea' id='block_1_5' title="bbox 149 3532 1199 3542">
    <p class='ocr_par' dir='ltr' id='par_1_8' title="bbox 149 3532 1199 3542">
     <span class='ocr_line' id='line_1_28' title="bbox 149 3532 1199 3542; baseline 0.005 -5"><span class='ocrx_word' id='word_1_177' title='bbox 149 3532 350 3538; x_wconf 70' lang='lat'>——--—-—.</span> <span class='ocrx_word' id='word_1_178' title='bbox 356 3533 535 3540; x_wconf 73' lang='lat'>——-—.-—.</span> <span class='ocrx_word' id='word_1_179' title='bbox 542 3535 690 3542; x_wconf 67' lang='lat'>..---.-—-</span> <span class='ocrx_word' id='word_1_180' title='bbox 1038 3535 1072 3540; x_wconf 74' lang='lat'>›-—-</span> <span class='ocrx_word' id='word_1_181' title='bbox 1078 3535 1186 3540; x_wconf 68' lang='grc' dir='ltr'>----------Δ</span> <span class='ocrx_word' id='word_1_182' title='bbox 1193 3535 1199 3539; x_wconf 92' lang='grc'>-</span> 
     </span>
    </p>
   </div>
   <div class='ocr_carea' id='block_1_6' title="bbox 179 3643 1070 3964">
    <p class='ocr_par' dir='ltr' id='par_1_9' title="bbox 179 3643 1070 3796">
     <span class='ocr_line' id='line_1_29' title="bbox 179 3643 1070 3715; baseline 0.002 -18"><span class='ocrx_word' id='word_1_183' title='bbox 179 3643 255 3710; x_wconf 86' lang='grc'><strong>(109)</strong></span> <span class='ocrx_word' id='word_1_184' title='bbox 275 3646 382 3713; x_wconf 85' lang='lat' dir='ltr'>proleg.</span> <span class='ocrx_word' id='word_1_185' title='bbox 400 3661 435 3699; x_wconf 91' lang='lat' dir='ltr'>zu</span> <span class='ocrx_word' id='word_1_186' title='bbox 455 3647 536 3699; x_wconf 91' lang='lat' dir='ltr'>einer</span> <span class='ocrx_word' id='word_1_187' title='bbox 553 3646 775 3701; x_wconf 88' lang='lat' dir='ltr'>wissenschaitl.</span> <span class='ocrx_word' id='word_1_188' title='bbox 794 3647 968 3715; x_wconf 84' lang='lat' dir='ltr'>Mythologie</span> <span class='ocrx_word' id='word_1_189' title='bbox 987 3661 1013 3714; x_wconf 89' lang='lat' dir='ltr'>p.</span> <span class='ocrx_word' id='word_1_190' title='bbox 1024 3646 1070 3700; x_wconf 84' lang='lat'>92.</span> 
     </span>
     <span class='ocr_line' id='line_1_30' title="bbox 179 3726 459 3796; baseline 0 -16"><span class='ocrx_word' id='word_1_191' title='bbox 179 3726 255 3794; x_wconf 91' lang='grc'><strong>(110)</strong></span> <span class='ocrx_word' id='word_1_192' title='bbox 274 3726 330 3782; x_wconf 84' lang='lat' dir='ltr'>lab.</span> <span class='ocrx_word' id='word_1_193' title='bbox 352 3728 403 3781; x_wconf 83' lang='grc'><strong>149</strong></span> <span class='ocrx_word' id='word_1_194' title='bbox 417 3743 459 3796; x_wconf 90' lang='lat' dir='ltr'>sq.</span> 
     </span>
    </p>

    <p class='ocr_par' dir='ltr' id='par_1_10' title="bbox 179 3809 459 3880">
     <span class='ocr_line' id='line_1_31' title="bbox 179 3809 459 3880; baseline 0.011 -17"><span class='ocrx_word' id='word_1_195' title='bbox 179 3809 254 3876; x_wconf 94' lang='grc'><strong>(111)</strong></span> <span class='ocrx_word' id='word_1_196' title='bbox 275 3810 330 3865; x_wconf 88' lang='lat' dir='ltr'>lab.</span> <span class='ocrx_word' id='word_1_197' title='bbox 353 3812 404 3864; x_wconf 85' lang='grc'><strong>152</strong></span> <span class='ocrx_word' id='word_1_198' title='bbox 416 3827 459 3880; x_wconf 91' lang='lat' dir='ltr'>sq.</span> 
     </span>
    </p>

    <p class='ocr_par' dir='ltr' id='par_1_11' title="bbox 181 3892 485 3964">
     <span class='ocr_line' id='line_1_32' title="bbox 181 3892 485 3964; baseline 0.016 -20"><span class='ocrx_word' id='word_1_199' title='bbox 181 3892 257 3958; x_wconf 84' lang='grc'><strong>(112)</strong></span> <span class='ocrx_word' id='word_1_200' title='bbox 276 3895 293 3947; x_wconf 93' lang='lat' dir='ltr'>l.</span> <span class='ocrx_word' id='word_1_201' title='bbox 313 3895 330 3947; x_wconf 90' lang='lat' dir='ltr'>l.</span> <span class='ocrx_word' id='word_1_202' title='bbox 349 3909 374 3962; x_wconf 91' lang='lat' dir='ltr'>p.</span> <span class='ocrx_word' id='word_1_203' title='bbox 394 3896 429 3948; x_wconf 81' lang='lat'>28</span> <span class='ocrx_word' id='word_1_204' title='bbox 443 3911 485 3964; x_wconf 91' lang='lat' dir='ltr'>sq.</span> 
     </span>
    </p>
   </div>
   <div class='ocr_carea' id='block_1_7' title="bbox 0 0 1494 4546">
    <p class='ocr_par' dir='ltr' id='par_1_12' title="bbox 0 0 1494 4546">
     <span class='ocr_line' id='line_1_33' title="bbox 0 0 1494 4546; baseline 0 0"><span class='ocrx_word' id='word_1_205' title='bbox 0 0 1494 4546; x_wconf 95' lang='lat' dir='ltr'> </span> 
     </span>
    </p>
   </div>
  </div>
 </body>
</html>
